3009 4942
681 438 700 511 ζ
779 463 928 513 mn.
958 461 1141 511 xvh
1187 462 1352 512 οΑΡ.
1392 447 1501 513 16.
1547 464 1984 515 ANNALmM.

277 607 486 673 ωἶαὶω]
522 597 851 659 '‘AEstimatur
869 609 983 658 haec
1014 622 1208 657 summa
1229 623 1348 659 cen·

279 690 393 735 tum
413 678 652 743 millibus‘
676 684 980 735 ducatorum
1016 694 1205 736 nostrai
1229 694 1350 736 aeta·

278 762 368 812 tis.
434 762 668 812 Alciatus.

279 890 284 895 ,
345 841 483 891 Cu.
514 845 593 891 14.
626 842 875 905 Iunia-um]
944 842 1158 892 Rectius
1180 844 1346 895 inuex-

275 931 378 967 um.
444 919 766 970 Freinshem.

344 992 557 1043 Nuntios
597 1002 645 1044 et
698 995 1052 1058 consolationes]
1124 996 1346 1046 Omnino

273 1070 421 1133 lego,
460 1072 852 1121 consultationes.-
901 1081 959 1123 et
992 1073 1102 1136 jam
1142 1074 1347 1124 notavit

272 1146 520 1208 Piche-na
542 1148 617 1197 sie
640 1149 689 1196 iu
709 1150 1008 1200 Florentino
1031 1165 1162 1201 esse.
1220 1152 1347 1200 Ver-

272 1224 405 1274 bum
449 1225 558 1288 ejus
594 1226 738 1277 artis.
825 1227 1132 1277 Juvenalis:
1186 1227 1203 1256 ‘
1227 1242 1344 1293 quae

273 1301 477 1355 nullum
498 1303 739 1367 consulit,
776 1309 832 1353 et
859 1304 969 1367 jam
1008 1304 1343 1359 Consulitur!

274 1379 506 1428 Noster:
540 1379 555 1406 ‘
580 1381 712 1432 Quae
747 1381 965 1430 caritate
1000 1395 1127 1445 erga
1161 1395 1345 1445 paren-

273 1463 403 1520 tem,
425 1472 529 1506 non
552 1464 726 1506 tamen
766 1459 905 1507 aliud
945 1460 1345 1523 consultaverat,

270 1546 431 1598 quam
449 1533 515 1582 de
534 1535 887 1584 incolumitate
910 1534 1125 1591 domus?
1156 1535 1343 1585 Panno

272 1614 400 1658 ante
424 1610 617 1670 scribo,
638 1612 890 1661 multorum
918 1611 1146 1661 amicitiis
1175 1612 1344 1661 innex-

269 1700 371 1749 um,
393 1701 518 1750 non,
539 1678 773 1739 innixum.
841 1689 1062 1753 Lipsius.

342 1762 716 1828 consolationes]
752 1765 831 1815 Ex
844 1766 957 1830 jam
979 1766 1132 1816 dictis
1155 1767 1340 1818 audac·

224 1838 228 1842 ’
269 1846 359 1891 ter
397 1842 623 1906 accipias
667 1845 808 1904 licet,
864 1845 1194 1895 consolationes
1244 1860 1341 1910 pro

269 1920 666 1970 consolatoribus:
717 1921 805 1986 qui
848 1921 914 1971 ab
954 1921 1131 1971 amicis
1168 1922 1341 1974 mitte·

271 1991 466 2044 bantur
488 1997 664 2059 specie
686 1990 1000 2070 consolandi,
1023 1999 1114 2048 sed
1140 2013 1195 2048 re
1218 2013 1341 2051 vera

269 2077 333 2121 ut
368 2072 567 2140 scirent
604 2082 872 2127 eventura.
952 2076 1226 2141 Eruditiss.
1261 2078 1340 2126 vir

267 2150 654 2214 consultationes,
666 2153 815 2216 ‚quod
837 2153 961 2202 mihi
984 2168 1085 2203 non
1109 2154 1336 2204 arridet:
1356 2169 1364 2179 ·

274 2227 391 2292 quis
414 2228 548 2277 enim
583 2229 638 2287 in
676 2231 830 2280 exilio
853 2231 1036 2296 eadem
1057 2232 1230 2296 palam
1253 2247 1340 2282 ex-

270 2312 499 2369 erceret,
523 2322 618 2370 per
657 2324 772 2372 quae
807 2306 968 2360 fuerit
1000 2309 1340 2375 deportatus?

267 2381 497 2443 Severus
538 2384 650 2433 scil.
688 2386 771 2435 cui
809 2386 1021 2435 exilium
1060 2387 1236 2451 Creta,
1257 2401 1341 2437 ea·

271 2459 395 2509 dem
415 2458 703 2535 factitando
722 2464 886 2514 evasit
903 2465 1127 2528 majores
1146 2480 1341 2528 paenas,

155 2509 170 2527 ⁶
193 2528 199 2537 ⁸
265 2536 414 2587 Anu.
439 2538 472 2589 l.
494 2552 572 2590 lv.
598 2540 614 2568 ‘
638 2539 893 2590 Recentia
920 2549 1198 2607 veteraque
1222 2543 1344 2592 odia

268 2612 522 2677 advertit,
545 2614 793 2681 bonisque
833 2622 1040 2679 exutus,
1061 2616 1341 2668 interdicto

270 2687 378 2754 ign'i
417 2698 577 2758 atque
600 2707 751 2758 aqua,
784 2708 908 2743 saxo
946 2693 1184 2757 Seriphio
1219 2707 1339 2742 con-

269 2767 482 2817 senuit!
569 2767 644 2818 At
684 2769 926 2819 Sosianus
982 2770 1176 2819 amicus
1226 2778 1340 2820 erat

270 2843 564 2908 Pammeni,
582 2845 596 2871 ‘
622 2845 955 2897 similitudine
975 2845 1199 2920 tJortunae
1222 2861 1340 2896 con-

271 2919 478 2969 ciliatus
494 2920 527 2981 ς’
597 2936 763 2987 eoque
833 2925 1060 2973 omnium
1131 2938 1337 2986 gnarus.

271 2995 575 3059 Crederem,
606 2999 702 3046 uisi
743 3014 838 3064 pro
876 3002 1145 3065 comperto
1183 3000 1338 3050 habe-

271 3086 401 3135 rem,
435 3073 770 3125 Pammenem
811 3077 938 3126 talia
975 3077 1339 3142 dissimulasse,

270 3154 328 3199 et
364 3148 434 3197 ab
471 3150 708 3199 omnibus
748 3148 1050 3204 occuluisse.
1099 3152 1338 3217 flgitur

267 3225 578 3290 interceptis
599 3225 778 3278 Anteii
799 3230 981 3290 literis,
1015 3228 1219 3280 furatus
1240 3232 1339 3281 eti-

269 3317 353 3355 am
377 3303 597 3363 libellos,
621 3304 803 3368 quibus
820 3305 929 3355 dies
943 3306 1186 3369 ,genitalis
1210 3308 1339 3373 ejus,

267 3386 326 3438 et
364 3389 620 3430 eventura
661 3383 875 3432 secretis
914 3383 1208 3433 Pammenis
1252 3399 1337 3434 oc-

266 3458 637 3512 cultabantur.'
704 3461 909 3512 Saliner.
985 3462 1243 3527 Corrupte
1286 3464 1337 3511 in

266 3537 513 3601 vulgatiS‚
529 3540 720 3587 nuncios
741 3544 788 3588 et
811 3540 1162 3590 consolationes.
1196 3540 1337 3589 Prae-

263 3614 480 3663 viderat
514 3615 891 3665 correctionem
920 3615 1124 3680 Lipsius
1162 3631 1227 3668 ex
1263 3616 1338 3664 in-

266 3691 441 3756 genio.
507 3693 621 3756 Ego
654 3693 939 3743 Florentini
972 3693 1075 3743 fid'e
1111 3693 1335 3744 restitui.

266 3768 499 3819 Pichena.

328 3845 580 3910 Simulque
599 3861 801 3896 annuam
817 3846 1104 3911 pecuniam]
1122 3844 1333 3912 Scripsi-

264 3936 395 3980 mm,
416 3921 560 3971 simul
581 3939 784 3972 annuam
803 3925 1066 3988 pecuniam.
1133 3924 1302 3974 Rhen.
1323 3958 1329 3970 2

331 4000 639 4051 Exstitisset.
708 4003 921 4058 Monitus
951 4005 1086 4066 prius
1115 4002 1336 4066 Anteius,

264 4093 325 4128 ne
341 4093 586 4142 supremas
604 4080 789 4129 tabulas
815 4081 1097 4144 moraretur]
1148 4083 1336 4145 Fallor,

267 4169 333 4204 an
355 4155 472 4205 haec
493 4157 568 4205 ita
591 4158 879 4206 nectenda?
925 4160 1206 4220 exstitisset,
1242 4174 1336 4206 mo-

264 4231 368 4283 nito
407 4232 546 4295 prius
578 4232 872 4294 Anteio,.ne
910 4249 1122 4298 suprema
1163 4233 1336 4283 tabulis

266 4312 534 4357 moraretur
547 4324 565 4357 .·
598 4309 651 4359 id
668 4315 766 4373 est,
778 4323 842 4357 ne
859 4317 1076 4360 mortem
1097 4308 1336 4360 differret

269 4384 536 4436 curatione
558 4385 879 4438 testamenti.
948 4387 1139 4438 Acidal-

1401 1688 1606 1744 ⁸clausit.

2312 451 2483 518 4115

1439 672 1444 677 .
1488 611 1625 660 CAP.
1674 615 1752 660 15.
1806 612 1987 663 Caussa
2018 610 2289 671 festinandi
2325 628 2388 662 ex
2429 627 2483 664 eo

1420 685 1678 748 oriebatur,
1697 689 1817 750 quod
1843 689 2063 737 Ostorius
2086 688 2259 751 multa]
2313 689 2482 740 Mani-

1421 760 1556 812 feste
1580 763 1846 813 abundant
1870 780 2019 814 voces
2042 765 2161 826 inae,
2193 780 2256 815 ex
2290 781 2342 815 eo
2362 762 2484 818 oric'-

1420 840 1578 902 batur,
1620 856 1791 906 neque
1846 843 2088 900 videntur
2142 859 2373 895 manasse
2416 846 2482 896 ab

1421 923 1667 967 auctore:
1720 918 1857 967 unde
1885 920 2098 982 legimus
2123 921 2175 969 in
2198 921 2484 972 editionum

1421 994 1603 1057 prima,
1662 1009 1825 1044 caussa
1854 995 2122 1054 festinandi
2148 998 2482 1062 exoriebatur,

1420 1074 1540 1134 quod
1567 1074 1674 1122 Ost.
1743 1073 1957 1124 Gruter.
2322 1119 2329 1126 .

1421 1192 1429 1198 .
1485 1150 1564 1198 Ne
1582 1150 1842 1212 invaderet,
1867 1152 2093 1214 pavidum
2108 1165 2309 1216 semper,
2322 1158 2387 1203 ·et
2408 1169 2482 1203 re-

1412 1231 1555 1290 perta
1572 1241 1718 1290 nuper
1750 1225 2071 1288 coniuratione.
2101 1230 2255 1291 magis
2280 1231 2484 1280 exterri-
2534 1249 2543 1258 ⁸

1420 1303 1546 1367 tum]
1593 1304 1773 1354 Scribo
1790 1305 1981 1368 pavido,
2002 1313 2057 1354 et
2078 1308 2326 1369 exterrito,
2350 1298 2495 1357 refe?

1418 1394 1578 1444 roque
1600 1382 1662 1429 ad
1688 1381 1990 1444 praecedens
2012 1382 2212 1433 Neroni.
2279 1384 2385 1433 Pro
2408 1384 2483 1432 in-

1416 1459 1609 1506 vaderet
1630 1456 1810 1507 dubito
1832 1459 2144 1522 etiamnunc
2167 1474 2233 1508 an
2256 1457 2485 1509 ‘evaderet
2523 1458 2528 1463 ’

1418 1533 1592 1597 potius
1615 1535 1696 1585 sit.
1750 1534 2034 1584 Conveniat
2056 1535 2107 1583 'sd
2133 1550 2247 1584 cum
2271 1550 2485 1601 sequeu-

1418 1611 1574 1675 tibus,
1597 1612 1760 1675 Igitur
1785 1613 2012 1662 Centurio
2039 1612 2122 1662 ubi
2153 1612 2336 1677 effugia
2356 1613 2483 1663 villa·

1691 1689 1796 1740 Sed
1821 1688 2028 1738 credam
2053 1689 2222 1752 potius
2245 1690 2484 1740 voculam

1417 1765 1720 1831 desiderari,
1733 1772 1789 1816 et
1803 1765 2149 1828 scribendum,
2159 1780 2218 1815 ne
2234 1766 2484 1830 imperium

1414 1843 1657 1899 invaderet
1672 1844 1845 1906 pavido
1858 1852 2054 1906 semper,
2064 1844 2145 1904 &1:-
2168 1846 2215 1891 et
2231 1841 2483 1893 exterrito.

1416 1918 1494 1971 Ut
1528 1922 1563 1970 l.
1583 1935 1638 1970 v.
1676 1921 1729 1969 in
1752 1919 1904 1969 simili
1935 1933 2149 1969 caussa:
2198 1919 2216 1946 ‘
2237 1919 2483 1968 Ceterum

1415 1996 1602 2046 timore
1624 1996 1851 2054 occulto,
1874 2009 1940 2043 ne
1972 1995 2030 2050 L.
2056 1994 2256 2044 Silanus
2295 1993 2484 2045 eximia

1414 2072 1709 2135 nobilitate,
1764 2071 2143 2135 disciplinaque
2198 2071 2259 2120 C.
2302 2071 2483 2135 Cassii,

1417 2149 1558 2213 apud
1580 2164 1731 2215 quem
1759 2148 2009 2198 educatus
2033 2154 2166 2210 erat,
2190 2148 2254 2196 ad
2280 2163 2483 2198 omnem

1416 2224 1774 2276 claritudinem
1815 2224 2065 2285 sublatus,
2097 2223 2369 2287 imperium
2406 2225 2483 2297 in-

1414 2302 1669 2354 vaderet!
1720 2302 1911 2354 Acidal.
1994 2303 2083 2363 Sic
2123 2303 2233 2352 haec
2275 2303 2484 2367 conjun-

1417 2381 1586 2445 genda
1623 2378 1767 2445 duxi,
1803 2387 2064 2446 expuncta
2106 2382 2322 2447 virgula,
2362 2396 2479 2446 qnae

1415 2458 1727 2522 addebatur,
1769 2467 1887 2529 post
1917 2462 2174 2511 invaderet.
2239 2462 2405 2511 Porro
2428 2460 2482 2510 in

1414 2535 1621 2586 Veneto
1646 2538 1727 2586 est
1748 2538 2074 2587 invaderetur.-
2122 2551 2189 2586 ex
2219 2551 2321 2601 quo
2343 2533 2481 2587 face·

1414 2626 1545 2675 rem,
1561 2613 1803 2664 invaderet
1821 2620 1876 2663 ut
1896 2615 2133 2678 pavidum.
2200 2614 2430 2664 Freinsh.

1478 2690 1626 2740 Jussa
1646 2690 1944 2754 imperatoris
1968 2691 2159 2739 Ostorio
2176 2689 2354 2755 aperit]
2385 2691 2483 2740 Co·

1415 2762 1520 2813 dex
1541 2763 1796 2815 Budensis
1817 2766 2005 2827 habet5
2018 2767 2203 2830 impost.
2244 2758 2302 2816 ut
2325 2766 2481 2816 etiam

1415 2842 1522 2907 legi
1554 2849 1729 2908 queat,
1749 2844 1887 2904 jussa
1907 2859 2034 2902 mox,
2058 2843 2141 2893 vel
2165 2849 2269 2907 post
2293 2843 2482 2892 Ostorio

1414 2921 1591 2984 aperit.
1643 2922 1790 2984 Mox,
1813 2921 1866 2970 Is
1876 2920 2217 2981 fortitudinem
2237 2922 2483 2984 adversum

1414 2997 1569 3048 hostes
1582 3014 1706 3063 saepe
1723 3003 1998 3063 spectatam.
2064 3000 2297 3049 Rhenan.

1482 3077 1621 3127 CAP.
1649 3081 1728 3126 16.
1769 3078 1924 3133 Quam
1960 3092 2018 3126 ne
2053 3076 2232 3126 oderim
2259 3081 2357 3127 tam
2379 3090 2493 3138 seg·-

1413 3150 1544 3201 niter
1575 3154 1845 3217 pereuntes]
1910 3155 2064 3204 Hunc
2088 3155 2277 3217 locum,
2310 3168 2390 3202 me

1414 3236 1622 3278 secutus
1665 3230 1936 3295 judicium,
1973 3231 2149 3285 oderim
2191 3230 2244 3278 in
2295 3231 2395 3278 odei
2441 3234 2481 3279 at
2516 3261 2523 3269 ·

1414 3311 1638 3370 mutato,
1654 3309 1728 3356 sic
1747 3308 1884 3371 lege,
1902 3339 1906 3343 -
1926 3308 2082 3363 Quam
2102 3323 2158 3355 ne
2174 3299 2481 3358 oderint-'Um

1411 3384 1625 3445 seguiter
1649 3388 1911 3448 pereuntes.
1977 3384 2165 3432 Sensus
2185 3388 2282 3447 est,
2304 3383 2353 3432 A
2377 3385 2480 3432 lec-

1416 3466 1529 3510 tore
1565 3475 1667 3510 non
1707 3462 1977 3525 exigimus,
2000 3465 2058 3509 ut
2092 3461 2307 3510 istorum
2340 3460 2481 3524 plus·

1415 3553 1569 3602 quam
1609 3539 1849 3588 servilem
1867 3539 2194 3606 ⁸patientiam
2229 3537 2481 3587 defendat

1414 3621 1504 3662 aut
1528 3621 1764 3676 excuset,
1788 3613 1880 3663 sed
1901 3615 1998 3664 hoe
2027 3620 2249 3677 tantum,
2267 3630 2332 3664 ne
2355 3616 2478 3664 istos

1413 3690 1532 3739 odio
1556 3699 1893 3754 prosequatur
1915 3697 2006 3742 aut
2036 3691 2204 3740 odisse
2225 3690 2443 3755 incipiat
2463 3704 2478 3739 ε

1379 3813 1390 3827 ,
1413 3780 1530 3814 nam
1567 3781 1648 3816 res
1682 3765 1784 3815 fuit
1821 3768 1972 3830 plane
2012 3766 2202 3835 fatalis.
2257 3768 2477 3815 Menan.

1411 3843 1657 3909 Segniter
1683 3858 1801 3892 vero
1826 3843 1897 3892 illi
1923 3842 2268 3907 peribant,.de
2297 3844 2478 3907 quibus

1403 3921 1514 3986 jam
1538 3922 1626 3971 diu
1654 3921 1991 3972 memoravit?
2028 3927 2227 3984 promte
2249 3922 2351 3969 imo
2374 3920 2479 3983 ple-

1411 3999 1557 4063 rique
1593 4013 1769 4047 omues
1793 4005 1847 4047 et
1876 3996 2171 4047 fortissime.
2239 3998 2310 4045 Et
2342 3997 2479 4045 male

1411 4077 1523 4126 haec
1558 4076 1787 4141 culpatio
1828 4075 2073 4124 convenit
2110 4073 2195 4122 isti
2230 4071 2477 4137 proximas

1410 4153 1695 4204 laudationi
1719 4170 1732 4204 ε
1787 4154 1945 4203 Detur
1964 4153 2048 4201 hoc
2078 4152 2337 4200 illustrium
2357 4149 2485 4198 viro·

1409 4245 1515 4279 rum
1535 4231 1823 4294 posteritati,
1848 4234 1904 4279 ut
1936 4230 2174 4292 quomodo,
2208 4230 2288 4291 ᾅτ.
2368 4226 2477 4275 De-

1409 4308 1564 4371 nique
1603 4306 1727 4370 quid
1768 4307 1843 4355 ita
1888 4305 2068 4355 horum
2115 4317 2323 4366 segnem
2346 4302 2505 4370 inte·-

1411 4383 1568 4445 ritum
1589 4381 1656 4433 ad
1680 4381 1760 4433 sui
1779 4382 2168 4434 excusationem
2188 4381 2367 4433 valere
2389 4393 2478 4430 ve·
