3009 4942
799 398 947 445 mn.
992 398 1046 451 ι.
1090 393 1256 447 car.
1301 378 1410 447 16.
1458 391 2023 464 ms‘romsunm.

291 543 416 599 tulin
438 548 853 612 pronepotemtse
873 545 943 596 Q.
968 542 1168 595 Lutatii
1183 539 1358 592 Catuli

293 623 582 686 Capitolini
606 623 897 688 scripserit,
926 623 1004 671 uti
1037 619 1200 670 refert
1231 620 1360 668 Sue-

288 702 403 753 ton.
450 700 506 749 in
545 700 701 750 Galb.
738 705 789 750 3.
853 701 1147 750 Vertranius.
1212 695 1357 748 Nihil

2328 370 2505 445 4132*

1431 540 1571 602 dem,
1605 538 1697 589 sed
1732 538 2023 589 necessaria
2062 537 2390 602 trajectione,
2421 535 2503 589 re·

1432 618 1704 682 ponenda:
1731 618 1828 666 Sed
1849 617 1937 666 alii
1956 632 2042 681 per
2062 616 2328 680 obsequium
2347 616 2505 666 immi-

1430 701 1593 744 nuent.
1661 697 1901 759 Irrumpet
1953 695 2183 757 adulatio,
2236 694 2505 757 blanditia,

289 775 466 841 video,
486 793 592 841 quo
620 779 732 827 haec
766 775 955 826 referri
990 781 1222 841 possent,
1243 774 1354 823 Sul·
1425 774 1682 837 pessimum
1712 774 1814 822 veri
1842 773 2058 834 adfectus
2078 787 2320 824 venenum.
2385 775 2503 834 Ego

284 853 434 917 piciae
453 854 771 911 aeLulatioe5
806 868 904 904 nec
929 852 1112 903 dubito
1131 850 1359 915 scripsis-

289 943 348 981 se
369 930 616 982 Tacitum
633 930 850 993 Sulpicia
873 945 929 978 ac
943 929 1148 978 Lutatio
1165 931 1359 978 decora:

290 1005 547 1069 quomodo
588 1004 703 1057 fere
736 1007 917 1057 auitum
945 1020 1098 1068 genus
1131 1020 1245 1069 sup.
1271 1017 1364 1054 111.

288 1087 372 1137 72.
404 1089 465 1133 et
500 1083 660 1147 magis
699 1085 857 1134 etiam
892 1086 1031 1147 longa
1049 1087 1217 1134 decora
1236 1099 1359 1147 prae·

275 1158 512 1223 serentes,
535 1161 587 1210 h.
602 1175 649 1211 e.
666 1161 854 1210 multos
873 1176 1014 1225 avos,
1031 1161 1217 1211 multas
1234 1162 1362 1210 ima-

288 1238 464 1301 gines,
493 1253 612 1302 sup.
646 1252 763 1289 xw.
787 1244 870 1289 53.
904 1238 1066 1288 simile
1107 1244 1190 1288 est
1222 1239 1357 1303 quod

286 1314 477 1367 Florus
499 1329 541 1365 ι.
566 1319 618 1365 8.
647 1314 836 1366 habet:
872 1316 888 1344 ‘
914 1316 1151 1366 Romanu
1186 1315 1362 1380 prodi-

290 1392 386 1455 gia
436 1398 596 1458 atque
644 1395 929 1445 miracula.'
986 1395 1356 1447 Freinshemius.

288 1468 487 1519 Omnia
510 1485 637 1522 sana
668 1478 808 1536 sunt,
828 1471 890 1535 si,
910 1478 970 1522 ut
996 1478 1227 1536 oportet,
1250 1473 1359 1536 illa,
1375 1484 1390 1499 ·

283 1545 519 1610 Sulpicia
560 1565 617 1598 ac
656 1550 908 1612 Iactatae,²
930 1548 1132 1599 referas
1174 1551 1242 1600 ad
1283 1550 1372 1614 id,

286 1624 429 1686 quod
466 1626 716 1692 sequitur,
749 1627 1022 1678 nobilitati.-
1049 1627 1175 1687 1Hic
1217 1628 1357 1677 enim

279 1701 712 1771 subintelligitur,
760 1707 1039 1760 nobilitatis.
1121 1709 1357 1759 Boxhor-

288 1792 428 1831 mus.
757 1824 762 1831 .

352 1854 617 1916 Etjudicii
649 1861 742 1910 mei
762 1864 1086 1913 documentum
1106 1863 1196 1926 sit]
1233 1863 1360 1914 Cas-

285 1930 474 2005 tigavi,
494 1940 551 1983 ut
571 1937 748 1997 judicii
788 1941 880 1989 mei
898 1942 1226 1991 documentum
1254 1942 1321 1991 sit
1336 1957 1358 2000 ,⁶

286 2008 380 2057 ubi
402 2011 578 2061 malim
597 2014 725 2064 sint:
757 2030 876 2065 nam
898 2016 1150 2081 sequitur,
1165 2019 1359 2067 necessi·

284 2085 938 2141 tudiuesuonmeoesedtuoe.
996 2093 1291 2143 RhenauuS.

293 2204 298 2209 .
351 2160 583 2215 Secunda
618 2179 696 2217 res
724 2169 984 2218 acrioribus
1016 2170 1223 2220 stitnulis
1252 2171 1358 2220 aui·

284 2253 415 2289 mura
437 2243 706 2307 explorant]
729 2245 934 2309 Melius,
950 2247 1129 2309 credo,
1144 2248 1200 2297 in
1216 2249 1357 2299 Flor.

286 2316 501 2381 legitur,
518 2320 701 2371 animos
713 2326 980 2387 explorant.
1013 2326 1262 2377 Pichena.

356 2395 460 2447 Per
490 2398 757 2462 obsequium
792 2402 1093 2467 imminuent]
1158 2404 1245 2454 Ita
1286 2405 1362 2455 di-

286 2481 429 2523 serte
454 2474 628 2528 Vatic.
661 2485 719 2527 et
756 2479 1021 2531 Venetus:
1068 2495 1168 2531 nec
1211 2482 1360 2547 quid·-

286 2563 444 2613 quam
482 2558 607 2615 pote
628 2551 754 2619 (non
792 2569 875 2604 me
904 2556 1114 2620 quidem
1138 2556 1358 2625 arbitro)

283 2626 516 2681 lectione
537 2629 632 2679 hac
656 2631 859 2681 melius.
884 2632 1164 2684 Rhenanus
1182 2641 1358 2685 tamen

288 2703 490 2769 turbat,
508 2714 692 2771 mittat,
707 2716 763 2759 et
785 2712 1103 2775 exemplaria
1124 2718 1184 2762 ut
1204 2713 1360 2764 habe-

284 2788 412 2836 rent
430 2782 578 2848 feeit,
597 2786 684 2835 alii
719 2787 830 2837 licet
861 2803 950 2852 per
967 2788 1234 2853 obsequium
1271 2807 1356 2841 an·

283 2866 455 2914 auant.
488 2863 713 2928 Lipsius.

353 2938 455 2989 Sed
494 2941 584 2991 alii
616 2957 703 3005 per
743 2942 1009 3008 obsequium
1054 2945 1355 2996 imminuent.
1370 2979 1386 2994 .

285 3014 533 3080 Immpet
573 3020 808 3084 adulatio]
875 3022 984 3072 Hic
1036 3023 1177 3074 locus
1220 3024 1355 3074 faede

286 3100 569 3157 corruptus
602 3104 703 3146 est.
768 3098 1108 3149 Restituimus
1128 3114 1195 3150 ex
1215 3102 1360 3151 volu·

285 3169 434 3222 mino
467 3171 710 3225 Matthiae
735 3175 946 3225 Corvini
983 3178 1036 3226 in
1075 3178 1213 3227 bunc
1245 3194 1357 3229 mo·

286 3246 436 3310 dum,
455 3251 539 3298 sed
557 3250 648 3300 alii
676 3253 786 3301 licet
811 3269 902 3317 per
921 3255 1188 3319 obsequium
1210 3272 1358 3306 annu·

286 3330 393 3380 ant.
430 3326 670 3391 Imurpet
687 3332 915 3380 adulatio.
972 3332 1213 3397 Expone,
1226 3336 1357 3395 licet,

290 3401 398 3453 hoc
431 3411 532 3468 est,
547 3406 721 3471 datur,
739 3407 1069 3473 conceditur,
1099 3412 1362 3474 permitti⁴

291 3484 402 3541 tur,
426 3484 486 3529 ut
525 3482 613 3531 alii
651 3498 746 3547 per
767 3484 1074 3550 obsequium
1106 3494 1356 3538 annuant.

290 3555 570 3607 Romam.

349 3632 623 3685 Blanditioe
653 3637 906 3700 pessimum
940 3639 1043 3688 neri
1063 3640 1264 3704 affectus
1280 3657 1360 3691 nea

284 3725 480 3773 uenum,
495 3727 584 3762 sua
601 3715 767 3789 cuique
782 3716 998 3780 utilitas]
1048 3718 1225 3768 Verba
1243 3719 1359 3768 haec

286 3801 499 3851 prorsus
543 3789 900 3853 ἀπροσδιόνυσα.
990 3795 1107 3844 Nec
1151 3809 1360 3845 sensum

288 3864 499 3917 evolvas
522 3872 699 3917 verum
724 3869 966 3934 quidem:
1002 3886 1100 3921 nec
1132 3877 1359 3922 structu-

281 3954 400 3993 tam
425 3942 603 3991 videas
626 3944 796 4010 aliqua
818 3946 1019 3995 ratione
1036 3948 1358 3998 concinnam.

285 4017 412 4073 Non
440 4020 607 4071 multo
641 4021 696 4070 in
733 4023 1069 4087 sequentibus
1104 4026 1360 4089 'particula

287 4096 436 4149 etiam
451 4098 522 4147 ad
539 4104 746 4149 sensum
761 4098 906 4151 facit.
973 4104 1105 4154 Quae
1122 4105 1295 4154 omnia
1311 4105 1357 4153 si

284 4172 593 4227 auferantur
628 4176 733 4238 hic,
755 4179 955 4242 reliqua
992 4179 1132 4243 inter
1152 4196 1208 4230 se
1244 4182 1358 4243 pul-

287 4251 543 4302 cherrime
581 4263 907 4317 congruant:
957 4262 1015 4305 et
1052 4271 1147 4306 nos
1186 4257 1358 4308 locum

285 4328 534 4396 vidimusf
561 4345 664 4400 quo
686 4332 787 4385 ista
807 4347 1006 4399 rursus,
1026 4334 1213 4393 audaci
1250 4335 1365 4403 qui-

1430 869 1486 902 αι·
1505 858 1561 901 tu
1582 853 1925 919 simplicissime
1945 853 2072 901 inter·
2089 868 2173 901 nos
2195 853 2332 902 bodie
2353 852 2500 916 loqui-

1431 937 1558 994 mur,
1569 932 1715 980 ceteri
1737 929 1964 979 libmtius
1985 945 2089 979 cum
2098 929 2301 989 fortuna
2317 935 2498 993 nostra,

1432 1023 1569 1071 quam
1588 1007 1840 1057 nobiscum.
1908 1006 2039 1056 Nam
2058 1009 2253 1056 suadere
2271 1008 2501 1071 principi,

1431 1087 1552 1147 quod
1590 1088 1822 1148 oporteat,
1841 1085 1979 1135 multi
2009 1083 2214 1134 laboris.-
2245 1084 2503 1133 assentatio

1431 1177 1551 1223 erga
1581 1161 1844 1225 principem
1863 1175 2186 1224 quemcumque
2205 1161 2305 1210 sine
2325 1159 2505 1226 affectu

1428 1242 1697 1304 peragitur.
1730 1239 1832 1288 Sua
1851 1239 2020 1302 cuique
2041 1238 2249 1300 utilitas,
2269 1239 2350 1300 εἷο.
2388 1237 2505 1286 Eti-

1432 1318 1572 1378 amsi,
1591 1321 1672 1382 εςσ.
1740 1316 1845 1366 Hic
1880 1317 1986 1380 illa,
2003 1331 2089 1365 sua
2112 1316 2271 1379 cuique
2292 1315 2499 1378 utilitas,

1434 1396 1765 1445 sententiolae
1791 1396 1904 1445 loco
1937 1400 2058 1459 post
2080 1394 2396 1458 aliquantam
2420 1405 2501 1441 re·

1434 1473 1778 1536 spirationem
1810 1488 1840 1521 a
1862 1472 2034 1522 Galba
2076 1470 2505 1534 interjectasqui-

1433 1550 1531 1600 bus
1549 1550 1825 1600 transitum
1843 1557 1898 1601 et
1921 1550 2118 1600 aditum
2137 1548 2202 1597 ad
2227 1547 2503 1612 sequentia.

1434 1629 1535 1679 sibi
1568 1628 1784 1694 faceret,
1812 1629 2080 1694 praecipua
2118 1626 2282 1676 totius
2313 1624 2505 1675 oratio·

1434 1705 1533 1768 nis,
1574 1711 1634 1756 ut
1677 1707 1862 1771 quibas
1908 1705 2189 1754 utilitatem
2230 1708 2284 1752 et
2339 1715 2502 1766 prope

1433 1782 1798 1833 necessitatem
1811 1782 1963 1846 hujus
1981 1780 2275 1844 adoptionis
2293 1784 2351 1828 et
2368 1778 2503 1830 elec·

1435 1862 1592 1913 tionis
1645 1863 1760 1912 vult
1815 1860 2189 1911 demonstrare.
2237 1857 2501 1908 Acidaliae.

1433 1941 1610 1991 Verba
1651 1941 1766 1989 haec
1809 1939 1876 1988 ad
1919 1937 2197 2002 sequentia
2234 1935 2502 2000 pertinere

1434 2020 1681 2069 arbitror.
1736 2015 1866 2066 Ideo
1883 2014 2286 2077 distinguerem:
2322 2012 2505 2060 Irrum-

1428 2092 1516 2160 pet
1550 2093 1782 2155 adulatio,
1802 2091 2080 2142 blanditiae:
2108 2090 2361 2153 pessimum
2398 2086 2505 2137 veri

1432 2171 1639 2235 affectus
1678 2183 1921 2229 amenum,
1973 2181 2058 2216 sua
2091 2167 2256 2229 cuique
2297 2163 2507 2214 utilitas.-

1434 2249 1683 2298 Pichena.
1763 2246 1861 2295 Vir
1899 2244 2146 2294 Eruditus
2189 2241 2501 2305 distinguit:

1433 2326 1703 2377 blanditioe:
1730 2324 1987 2388 pessimum
2025 2323 2128 2372 ueri
2151 2321 2352 2386 affectus
2371 2328 2504 2370 vens·

1433 2416 1663 2466 num,sua
1698 2401 1867 2464 cuique
1900 2399 2114 2449 utilitas.-
2145 2411 2230 2446 me
2270 2411 2372 2445 non
2411 2395 2503 2445 ad-

1432 2479 1715 2541 sentiente,
1738 2478 1826 2542 qui
1849 2476 2060 2529 credam
2098 2473 2377 2524 blanditias
2410 2487 2503 2536 po-

1436 2556 1538 2606 tius
1556 2556 1654 2605 hac
1678 2553 1886 2604 infamia
1907 2553 2108 2602 notari:
2146 2565 2302 2616 quam
2322 2556 2378 2600 et
2394 2562 2503 2597 me⁶

1433 2634 1552 2698 reri,
1567 2633 1648 2683 vel
1667 2632 1941 2681 Plutarchi
1959 2629 2161 2679 libellus
2182 2626 2339 2676 fidem
2359 2624 2507 2675 fece-³

1430 2712 1519 2775 rit,
1539 2725 1694 2776 quem
1718 2710 1783 2759 de
1804 2708 2091 2769 adulatore,
2110 2706 2177 2755 ab
2201 2704 2369 2753 amico
2392 2703 2509 2777 digf-

1428 2788 1691 2839 noscendo
1715 2786 1944 2850 scripsit.
1980 2782 2350 2835 Freinshemius.

1495 2866 1664 2915 Etiam
1698 2879 1785 2926 ego
1822 2878 1879 2912 ac
1906 2868 1964 2912 tu
1999 2860 2341 2925 simplicissime
2374 2860 2509 2909 inter·

1427 2959 1515 2994 nos
1552 2944 1688 2994 hodie
1731 2931 1986 3006 loquimur]
2055 2938 2216 3000 Illud,
2250 2938 2413 3000 etiam,
2447 2938 2502 2987 in

1430 3022 1529 3072 hoc'
1573 3022 1690 3070 loco
1746 3032 2123 3084 supervacuum
2168 3023 2225 3067 et
2268 3017 2500 3080 ineptum

1430 3100 1662 3161 videtur,
1685 3114 1746 3150 ac
1786 3097 2022 3162 suspicor
2040 3095 2108 3144 ad
2139 3093 2503 3144 antecedentia

1431 3178 1717 3241 pertinere.
1790 3175 1876 3226 Sic
1930 3186 2054 3237 ergo
2108 3174 2363 3236 legeremz
2414 3182 2501 3220 sua

1429 3255 1596 3318 cuique
1633 3254 1821 3302 utilitas
1860 3251 2024 3301 etiam.
2090 3251 2202 3313 Ego
2235 3265 2291 3298 ac
2323 3255 2395 3313 tu,
2416 3249 2502 3311 &e-

1433 3332 1686 3382 Pichena.
2494 3352 2499 3357 -

1500 3407 1635 3457 Cu».
1660 3411 1740 3455 16.
1777 3405 1879 3457 Nos
1912 3404 2026 3453 bello
2054 3407 2103 3452 et
2139 3402 2196 3451 ab
2221 3402 2502 3452 oestinwnti·

1432 3484 1520 3534 bus
1541 3482 1704 3545 asciti]
1760 3483 1863 3534 Qui
1896 3480 2099 3545 judicio
2143 3479 2197 3528 id
2241 3478 2502 3530 fecerunt.

1432 3563 1700 3612 Ferrettus.
1768 3559 1927 3621 Illud,
1967 3573 2068 3620 nos,
2113 3557 2179 3606 ad
2225 3563 2501 3622 utrumque

1434 3637 1763 3689 referendum
1785 3635 2009 3686 videtur.
2077 3634 2205 3688 Ideo
2240 3634 2500 3698 interpre-

1434 3721 1536 3780 tor,
1556 3715 1726 3779 ipsum
1752 3712 1974 3762 Galbam
1998 3711 2136 3759 bello
2162 3710 2377 3759 ascitum
2396 3710 2501 3759 Im-

1434 3798 1753 3856 peratorem,
1777 3789 2022 3839 Pisonem
2053 3796 2225 3837 autem
2263 3785 2503 3851 adoptio-

1423 3886 1499 3922 .ne
1524 3885 1556 3919 a
1577 3869 1750 3919 Galba
1771 3868 2101 3916 aestimatum.
2167 3863 2242 3913 At
2278 3865 2507 3914 aestima-

1434 3947 1508 3997 tio
1531 3947 1689 3996 etiam
1713 3945 1779 3995 de
1803 3951 2020 4006 utroque
2044 3941 2265 4004 intelligi
2304 3944 2500 4004 potest,

1433 4040 1554 4076 cum
1596 4023 1745 4075 initio
1787 4021 1942 4084 hujus
1987 4019 2237 4080 orationis
2272 4010 2464 4067 dixerit
2482 4035 2501 4068 r

1432 4104 1448 4130 ‘
1474 4103 1629 4151 Nunc
1651 4114 1732 4148 me
1756 4098 1972 4146 deorum
1991 4094 2353 4158 hominumque
2374 4095 2499 4143 con..

1433 4192 1587 4228 sensu
1601 4176 1665 4225 ad
1687 4172 1959 4236 imperium
1978 4167 2248 4218 vocatum!
2270 4167 2501 4226 Piebena,

1497 4257 1604 4305 Neo
1641 4258 1798 4301 tamen
1829 4249 2029 4298 territus
2047 4245 2230 4310 fueris]
2282 4240 2501 4313 Scripsi-

1430 4345 1562 4397 mus,
1583 4342 1642 4382 ne
1660 4332 1833 4395 tamn,
1852 4328 1934 4395 ξε.
1969 4323 2265 4376 Rhenanus.
2294 4375 2299 4378 ,
2490 4348 2503 4356 «
