3009 4942
831 412 998 463 unt
1029 410 1136 461 tv:
1171 378 1340 462 bar.
1384 396 1497 462 47.

300 554 427 611 sm!
447 556 533 608 tric
554 557 626 608 sit
649 554 810 617 aliud,
844 572 992 621 quam
1013 557 1231 607 tractari.
1299 556 1371 606 0-

300 637 456 687 mitto
468 636 582 699 jam
604 634 902 694 ostendere,
945 650 1093 697 quam
1118 633 1368 698 ejusmodi

1552 410 1988 462 ANNAmun.
2343 395 2535 466 mla·

1451 555 1778 683 leffium&
1799 631 2083 696 exemplum]
2117 632 2146 662 '¹
2165 632 2276 682 Cic.
2298 633 2452 683 Brut.
2477 647 2520 687 1.

299 711 469 762 oratio
495 713 559 760 iis
582 712 753 775 Sejani
781 712 1101 775 temporibus
1125 711 1373 760 consiliis·
1449 708 1517 757 de
1541 709 1693 758 Orat.
1721 725 1814 773 pro
1839 709 2070 770 Fonteio,
2099 710 2151 757 in
2178 708 2442 772 Pisonem,
2464 716 2520 759 et

287 803 398 853 que
424 790 607 852 inepte
632 789 910 838 tribuatur.
951 788 1313 838 Freinshemius.

361 867 506 915 CAP.
529 870 612 916 42.
650 864 957 926 Cantantem]
1012 866 1072 914 L.
1109 869 1369 915 nutantem.

296 942 471 991 Etiam
499 943 573 992 sic
600 940 857 991 Muretus.
892 943 1155 991 Acidaliae.

349 1020 649 1082 Quanquam
687 1020 919 1068 Iaeutoelus
957 1018 1246 1082 Gaetulz’cus]
1299 1016 1367 1068 V.

288 1096 358 1145 C.
379 1094 572 1146 habet:
613 1097 857 1161 Quamque
876 1097 1125 1155 Lentulus,
1148 1099 1229 1160 ⁸5⁰·-
1266 1096 1367 1145 Ur-

291 1174 456 1223 sinuS.

353 1251 499 1299 CAP.
523 1254 605 1299 43.
648 1250 843 1312 Vatum,
871 1251 1119 1300 annalium
1153 1252 1216 1303 ud
1237 1250 1367 1299 testi.

283 1325 474 1388 mnia]
533 1328 719 1390 Nuper
743 1329 946 1392 Lipsius
978 1328 1232 1392 corrigit3
1282 1344 1366 1378 un·

285 1404 474 1452 adium
495 1409 637 1467 utque
657 1404 959 1463 testimoniu5
982 1421 1094 1469 pro,
1118 1411 1260 1469 utque
1280 1420 1365 1454 un-

282 1481 492 1531 nulium.
549 1483 661 1531 Nos
685 1482 906 1547 brevius,
927 1485 1257 1546 unnalinmque
1275 1488 1366 1531 tes-

288 1557 509 1607 timonia.
549 1559 796 1609 Pichena.
865 1560 1362 1611 Attendelectoret

283 1636 488 1684 senties
514 1637 598 1685 isti
617 1638 758 1698 loco,
794 1637 998 1689 liberali
1031 1653 1186 1687 manu
1210 1639 1363 1688 libra-

289 1710 484 1760 riorum
501 1713 765 1777 adjectum
783 1720 962 1779 vatum,
975 1718 1249 1772 annalium,-
1271 1716 1359 1781 qni

291 1786 686 1838 arbitrabantur
709 1793 936 1856 alioquin
961 1807 1064 1841 non
1094 1792 1359 1842 cohaerere

292 1866 607 1915 sententiam
622 1882 735 1916 oum
755 1868 842 1917 illo
856 1869 1202 1932 locupletiores:
1214 1876 1359 1918 certe

287 1948 512 2007 utraque
538 1957 640 1993 vox
671 1947 810 1995 mihi
833 1946 997 1996 veluti
1031 1947 1258 2010 repetita
1292 1959 1357 1995 ex

285 2021 665 2082 superioribus.
699 2022 954 2073 Gruterus.
997 2023 1255 2072 Videntur
1273 2039 1358 2073 aa·

285 2098 418 2146 noles
459 2099 632 2162 accipi
670 2108 785 2162 *pro
834 2100 1065 2151 historiis
1112 2100 1360 2166 antiquis,

287 2175 470 2238 quales
493 2177 630 2240 apud
656 2178 768 2227 Cic.
791 2178 859 2227 de
884 2179 1039 2228 Orat.
1063 2191 1126 2229 11.
1152 2184 1232 2228 12.
1270 2180 1360 2228 de-

241 2254 248 2259 '
277 2251 618 2302 scribuntur:
654 2253 670 2278 ‘
694 2255 826 2304 Erat
838 2254 976 2304 enim
994 2255 1212 2305 historia
1233 2255 1358 2305 nihil

285 2326 447 2391 aliud,
465 2330 567 2379 nisi
589 2332 849 2381 annalium
873 2331 1135 2382 confectio
1155 2350 1170 2382 ι
1206 2334 1356 2397 cujus

285 2403 367 2455 rei
399 2407 766 2473 memoriaeque
802 2408 1025 2474 publica>
1066 2410 1355 2460 retinenda}

279 2494 460 2547 causa,
503 2484 577 2533 ab,
612 2485 762 2535 initio
798 2501 971 2537 rernm
1011 2488 1357 2537 Romanarum

285 2571 448 2621 usque
471 2559 537 2608 ad
561 2561 622 2611 P.
643 2562 873 2611 Mucium
895 2562 1091 2612 Pontis.
1108 2565 1251 2614 Max.
1271 2579 1357 2615 res

279 2648 466 2685 omnes
480 2635 794 2699 singulorum
812 2654 1062 2690 annorum
1080 2642 1357 2691 mandabat

284 2709 452 2762 literis
490 2713 731 2777 pontifex
763 2717 1041 2780 mammas,
1076 2717 1353 2769 efferebat-

283 2803 385 2852 que
430 2791 486 2840 in
526 2791 739 2854 album‚’
778 2799 835 2842 et
884 2808 1002 2859 quae
1048 2802 1352 2860 sequuntur.

282 2866 491 2925 Annales
533 2868 691 2932 igitur
731 2870 814 2920 hic
859 2871 985 2921 nihil
1032 2871 1173 2921 aliud
1218 2880 1360 2936 sunt,

282 2956 434 3006 quam
451 2944 677 2995 historia·
698 2946 1028 3009 probatorum
1049 2956 1104 2998 et
1121 2955 1356 3000 veterum

282 3027 585 3070 auctorum:
622 3038 744 3086 non,
781 3029 840 3072 ut
861 3024 1181 3089 interpretes
1206 3034 1356 3091 puta-

275 3097 432 3161 bant,
467 3102 826 3151 commentarii
867 3116 1040 3152 rerum
1078 3105 1355 3168 Spartana·

279 3188 416 3236 rum,
464 3192 582 3241 quas
623 3179 778 3242 vulgo
817 3179 1354 3234 chronica-vocantur.

289 3256 464 3305 Vatum
487 3257 739 3307 vocabulo
779 3259 903 3308 nihil
928 3260 1069 3309 aliud
1092 3260 1355 3323 intellexit

277 3333 517 3398 Tacitus,
554 3350 709 3400 qnam
731 3334 933 3399 poiitas,
972 3336 1258 3387 Homerum
1281 3338 1353 3387 vi·

277 3410 476 3477 delicet
494 3412 746 3476 aliosque,
767 3427 834 3462 ex
851 3413 1036 3477 quibus
1057 3415 1353 3464 testimonia

276 3486 348 3536 de
368 3486 558 3537 finibus
595 3490 822 3554 antiquis
846 3489 1153 3541 Graecarnm
1186 3492 1353 3555 regio-

274 3576 406 3613 num
425 3562 735 3627 frequenter
757 3566 869 3630 peti
896 3568 1244 3629 consuevisse,
1268 3569 1353 3618 vel

275 3653 345 3688 ex
369 3653 472 3690 uno
494 3640 748 3690 Strabone
772 3644 968 3692 clarum
987 3650 1145 3694 esset.
1184 3645 1353 3695 Frein-

274 3715 500 3766 themius.

339 3791 583 3843 Peramo
617 3792 828 3858 publice]
878 3796 1150 3848 Quomodo
1194 3796 1350 3848 aliter

276 3867 524 3917 arbitrari
591 3870 908 3933 potuissent,
975 3872 1071 3921 nisi
1139 3873 1360 3937 publico·

277 3946 798 3998 Lacedaemoniorum
846 3936 1022 4015 atque‘
1063 3953 1350 4005 Messenio-

275 4025 621 4074 rumconsilio
659 4025 886 4075 delecti?
918 4041 1021 4078 non
1062 4028 1223 4093 igitur
1252 4030 1348 4081 boc

274 4103 442 4153 voluit
461 4104 662 4166 dicere,
684 4105 821 4170 quod
846 4121 944 4170 per
963 4121 1021 4157 se
1041 4115 1253 4172 poterat
1274 4112 1346 4160 in·

271 4179 474 4244 telligi3
508 4182 614 4231 imo
627 4196 732 4232 non
753 4190 966 4246 poterat
985 4200 1088 4235 non
1106 4186 1347 4252 intelligi.

274 4255 445 4320 Igitur
461 4258 650 4321 publice
673 4261 804 4309 banc
827 4261 932 4310 vim
952 4261 1128 4325 babet,
1153 4271 1212 4314 ut
1227 4267 1348 4329 pub—

273 4334 362 4382 lico
382 4335 491 4385 sive
514 4337 649 4400 reip.
694 4338 1019 4389 Milesiorum
1043 4342 1347 4405 permissum
1368 4348 1376 4353 '

274 4411 478 4464 dicatur
509 4411 798 4467 arbitrium.
830 4414 968 4467 Vide
1007 4432 1124 4484 sup.
1162 4433 1240 4470 tv.
1262 4424 1346 4472 86.

1449 791 1498 838 8.
1524 787 1590 836 de
1615 794 1721 837 nat.
1763 789 1996 837 Deorum
2015 795 2072 835 et
2094 786 2237 835 alibi.
2262 787 2517 837 Patercu-

1447 864 1527 913 lus
1548 866 1583 913 l.
1609 879 1670 917 ιι.
1700 865 1814 914 Val.
1846 865 2107 914 Maximus
2132 878 2193 913 ιι.
2216 870 2264 913 5.
2289 872 2347 913 et
2366 878 2444 913 vt.
2468 868 2520 915 4.

1445 940 1702 990 Asconius
1738 943 1789 990 in
1827 941 2235 990 Divinationem.
2279 941 2458 990 Livius
2480 941 2519 990 l.

1447 1032 1578 1068 Lxx.
1647 1019 1895 1069 Reditum
1928 1034 2074 1067 suom
2099 1020 2253 1067 Sullae
2288 1018 2520 1082 negavit,

1446 1102 1505 1145 nt
1527 1098 1728 1145 Seneca
1751 1097 1823 1145 ait
1850 1096 1946 1159 Ep.
1971 1100 2056 1144 24.
2092 1096 2328 1144 Muretus.

1519 1175 1638 1223 Eum
1677 1173 1859 1235 legibus
1888 1172 2098 1236 pulsum]
2147 1173 2337 1221 Pulsus
2377 1171 2516 1221 enim

1443 1257 1523 1301 est
1538 1250 1740 1313 judicio
1763 1250 2186 1313 repetundarum,
2223 1262 2514 1313 quanquam

1440 1332 1706 1381 innocens.
1730 1331 1874 1394 Epit.
1900 1330 2029 1379 Livii
2054 1343 2186 1379 Lxx.
2222 1330 2439 1379 Freinsli.

1509 1412 1646 1460 Car.
1670 1414 1752 1458 44.
1793 1409 2067 1457 [innocenter
2083 1407 2293 1471 purutoe]
2331 1406 2517 1471 Vulgo,

1436 1492 1613 1549 ραι-τω.
1649 1487 1895 1536 Pichena.

1505 1563 1776 1613 Domitium
1790 1562 2027 1612 decoravit
2039 1562 2200 1624 puter]
2236 1560 2373 1610 Vide
2389 1546 2515 1610 Sue·¹

1441 1640 1640 1689 toninm
1680 1640 1731 1688 in
1772 1641 1984 1689 Nerone
2016 1653 2061 1688 c.
2094 1642 2138 1688 1.
2161 1638 2416 1687 Velleium
2447 1650 2511 1687 u.

1438 1717 1644 1781 Lipsius.

1503 1796 1658 1844 Patre
1679 1793 1781 1854 eius
1802 1794 1907 1843 Iulo
1923 1794 2156 1856 Antonio]
2189 1793 2420 1842 Faernus
2443 1792 2514 1840 le·

1437 1871 1628 1936 gebat:
1664 1874 1818 1921 Putre
1833 1873 1933 1933 ejus
1944 1872 2004 1921 L.
2021 1872 2246 1921 Antonio.
2271 1870 2510 1919 Ursinus.

1503 1951 1638 1999 CAP.
1663 1953 1744 1998 45.
1779 1948 1998 2013 Soa-oque
2018 1953 2159 2012 caput
2180 1946 2398 2012 adflixit]
2445 1946 2511 1995 In

1438 2025 1506 2074 V.
1526 2029 1586 2077 C.
1627 2033 1730 2087 est,
1769 2026 1936 2087 allisit,
1979 2039 2080 2074 non
2120 2024 2336 2088 adflixit.
2400 2021 2509 2072 Sed

1436 2104 1571 2153 male
1592 2120 1607 2163 ;
1631 2118 1748 2152 nam
1767 2103 1978 2151 Tacitus
1994 2100 2047 2150 id
2070 2101 2283 2151 verbum
2307 2098 2514 2163 accepit

1438 2195 1470 2229 a
1486 2179 1751 2241 Sallustio,
1767 2179 1855 2245 qui
1877 2180 1910 2229 l.
1927 2193 2001 2228 tv.
2023 2179 2141 2228 hist.
2161 2177 2325 2226 dixit:
2362 2178 2378 2204 ⁴
2400 2175 2510 2225 Aut

1437 2258 1666 2306 mulcato
1706 2271 1947 2320 corpore,
1986 2257 2039 2305 in
2077 2270 2233 2319 prora
2270 2253 2509 2319 patibulo

1437 2334 1670 2383 eminens
1695 2331 2041 2396 adfligebatur
2057 2334 2090 2382 ε’
2124 2339 2179 2380 et
2203 2333 2237 2380 l.
2261 2345 2338 2381 ιι.
2372 2332 2387 2358 ‘
2410 2332 2508 2380 Ca·

1436 2417 1534 2474 put
1555 2408 1907 2474 adfligebant}
1927 2409 2111 2472 etipse
2131 2408 2345 2458 Tacitus
2368 2405 2508 2459 infra

1436 2490 1470 2537 l.
1493 2501 1613 2536 xiv.
1646 2491 1661 2516 ⁴
1686 2488 1846 2536 Fuste
1878 2493 2041 2550 caput
2063 2482 2299 2534 adflixit!
2364 2482 2505 2532 Illud

1436 2571 1612 2615 autem
1653 2565 1821 2627 allisit,
1860 2564 2068 2613 videtur
2106 2576 2218 2611 esse
2252 2562 2509 2623 glossema

1435 2642 1583 2692 verbi
1622 2640 1836 2707 adflixit.
1888 2639 2127 2688 Ursinus.
2197 2637 2328 2687 Cum
2373 2635 2506 2685 indi-

1435 2720 1590 2780 carit,
1610 2721 1792 2768 harum
1815 2717 2000 2767 artium
2023 2721 2316 2765 nostrarum
2339 2711 2506 2762 curio·

1435 2798 1681 2858 sissimus,
1723 2798 1780 2846 F.
1807 2795 2042 2857 Ursinus,
2070 2799 2269 2843 restare
2293 2791 2345 2840 in
2372 2791 2504 2842 Μεε.

1436 2880 1581 2938 capiat
1603 2875 1788 2935 adlisit,
1823 2871 2030 2935 ambigo
2069 2870 2189 2935 quid
2226 2869 2397 2934 potius
2417 2869 2507 2918 ha-

1431 2952 1558 3002 bere
1577 2951 1814 3013 debeam,
1828 2951 1926 2998 boc
1949 2963 2015 2998 ne
2040 2962 2104 2997 an
2127 2946 2255 2996 illud
2275 2963 2288 2995 ε
2311 2945 2504 2995 inclino

1434 3037 1608 3076 tamen
1634 3028 1797 3090 tnagis
1818 3027 1875 3075 in
1910 3025 2169 3089 posterius
2192 3023 2349 3073 istud.
2417 3022 2504 3072 Sic

1429 3106 1544 3155 Val.
1560 3105 1704 3154 Max.
1726 3117 1803 3153 rx.
1820 3108 1902 3153 ll.
1921 3102 1986 3151 de
2007 3102 2276 3152 Herennio
2291 3100 2497 3149 Siculo:

1431 3183 1446 3210 ‘
1473 3181 1605 3231 Cum
1631 3183 1683 3230 in
1706 3194 1970 3231 carcerem
1987 3179 2290 3241 duceretur,
2311 3177 2363 3225 in
2385 3176 2503 3241 ejus

1429 3263 1633 3323 postem
1652 3258 1786 3307 illiso
1803 3259 1999 3320 capite,
2012 3256 2064 3304 in
2082 3257 2195 3319 ipso
2212 3253 2501 3318 ignominiae

1428 3334 1573 3384 aditu
1616 3333 1879 3384 concidit.'
1945 3333 2033 3382 Sic
2068 3333 2268 3382 Seneca
2303 3332 2366 3380 de
2403 3331 2505 3380 La·

1428 3425 1563 3462 cone
1587 3411 1828 3477 quodam,
1858 3426 1951 3460 vas
1974 3410 2270 3459 obscoenum
2293 3406 2501 3459 adferre

1428 3490 1635 3538 domino
1675 3489 1969 3548 abnuente;
2031 3488 2199 3551 Epist.
2237 3491 2320 3537 77.
2351 3488 2368 3515 ‘
2404 3485 2503 3536 im-

1427 3579 1539 3614 sum
1566 3564 1757 3629 parieti
1781 3571 1943 3627 caput
1963 3563 2143 3627 rupit!
2172 3564 2436 3612 Gruterus.

1492 3643 1629 3693 Car.
1653 3646 1738 3691 47.
1772 3642 1937 3691 Donec
1965 3633 2218 3690 'exercitus
2258 3639 2314 3687 in
2356 3654 2501 3690 anum

1424 3718 1726 3782 emmer-et]
1781 3719 1900 3768 Nou
1946 3715 2202 3782 improbo.
2284 3716 2499 3767 Mallem

1426 3803 1622 3861 tamen,
1662 3795 1927 3846 auritum
1941 3811 1961 3853 ,·
2009 3796 2115 3857 vel,
2151 3794 2496 3842 condwerdue.

1425 3875 1676 3926 Picbena.
1762 3874 1818 3923 Si
1861 3873 1994 3923 bene
2040 3870 2341 3928 attenderis,
2391 3866 2501 3920 anl-

1424 3953 1728 4002 madvertes
1750 3951 2149 4001 alterumutrum
2183 3947 2380 4009 horum,
2417 3946 2500 3994 do·

1424 4045 1509 4079 noc
1521 4030 1758 4078 exercitus
1775 4029 1827 4076 ia
1840 4041 1989 4076 unum
2004 4025 2297 4087 conduceret,
2315 4030 2371 4073 et
2386 4024 2500 4077 dim

1423 4106 1712 4170 Pomponius
1745 4105 1904 4155 Labeo
1940 4117 2044 4153 cum
2076 4102 2274 4164 legione,
2302 4104 2385 4166 ξε.
2418 4110 2498 4151 oe·

1422 4185 1567 4247 amc,
1609 4195 1817 4247 prorsus
1863 4193 1978 4229 esse
2016 4192 2395 4241 supervacuum
2440 4185 2499 4230 et

1421 4261 1563 4310 idem
1603 4257 1810 4308 omnino
1852 4256 2162 4320 garrulitate
2206 4258 2383 4319 inepta
2418 4247 2497 4305 dl-

1423 4351 1564 4388 cere.
1631 4336 1749 4388 Qus
1780 4347 2049 4398 possumus
2085 4333 2311 4385 liberare
2345 4332 2499 4384 Tael-

1422 4420 1553 4480 tum,
1582 4412 1627 4464 si
1648 4412 1963 4463 scribamus:

2009 4410 2082 4463 At
2101 4409 2326 4477 Sabinus,
2352 4412 2496 4464 donec
2577 4426 2580 4430 ’
