3009 4942
449 372 625 440 8844

518 527 624 583 Nee
644 531 707 581 ad
724 527 955 580 inuidiam
971 527 1088 592 ista]
1120 526 1366 593 Intelligo
1389 527 1514 578 alio-

448 620 596 668 rum;
632 606 801 671 'quasi
834 606 962 654 alios
1013 605 1222 669 oblique
1264 603 1517 668 perstriu-

450 697 595 747 geus.
661 683 691 710 '⁵
716 681 942 734 Quidam
975 685 1249 731 verterunt
1284 686 1515 729 ostenta-

448 759 662 822 tionem,
704 758 787 808 cui
832 758 1028 809 nullum
1074 757 1254 822 opinor
1291 756 1375 805 bic
1398 769 1513 805 esse

446 834 634 884 locum.
699 833 805 883 Alii
842 848 1022 883 vocem
1059 833 1254 882 invidioe
1285 833 1514 882 retinue-

448 918 589 974 runt,
625 911 718 962 sed
762 926 866 961 non
910 910 1358 975 significationem,
1397 924 1513 973 quoe

445 989 667 1039 non-nisi
692 980 1024 1053 vulgariiest
1047 988 1097 1036 in
1131 986 1275 1037 hisce
1309 985 1516 1049 linguis,

445 1079 615 1128 neque
630 1065 781 1123 hanc,
805 1078 922 1128 quae
951 1064 1034 1114 hic
1054 1069 1110 1112 et
1133 1063 1253 1113 alibi
1272 1061 1515 1126 frequen-

446 1141 644 1191 tissime
687 1139 973 1204 reperitur,
1018 1144 1304 1203 exaequat:
1360 1151 1515 1202 quam

446 1217 605 1268 etiam
628 1217 714 1266 vix
752 1216 963 1265 alterius
996 1214 1246 1265 sermonis
1287 1228 1385 1265 vox
1427 1228 1516 1263 ex-

444 1293 716 1357 presserit.
768 1290 1143 1342 Freinshemius.

448 1386 478 1422 .·
509 1370 1056 1439 Adeeqneatarflorente
1077 1367 1148 1431 te]
1190 1368 1346 1425 Forte
1372 1367 1516 1416 meli-

443 1462 505 1497 us
534 1448 868 1510 adsequantur.
902 1443 1191 1495 Acidalius.
1259 1444 1380 1493 Nou
1404 1444 1515 1506 pla·
1545 1514 1550 1518 .

434 1528 564 1587 ‚eet3
612 1524 806 1572 certius
844 1522 980 1571 enim
1016 1535 1175 1570 omen·
1200 1520 1250 1568 in
1287 1520 1516 1583 vulgata,

446 1601 553 1650 etsi
566 1607 738 1649 ratum
761 1614 866 1647 nou
887 1597 1062 1647 fuerit.
1109 1596 1394 1646 Gronovius.

456 1708 467 1715 -
511 1677 649 1726 CAP-
665 1681 745 1726 38.
771 1676 1003 1725 Eamdem
1019 1673 1138 1736 vim]
1152 1674 1334 1722 Prisca
1350 1673 1513 1737 scrip-

443 1758 580 1814 tura,
597 1754 649 1802 in
671 1768 743 1802 me
765 1750 1076 1801 transmerei:
1095 1764 1161 1799 ex
1185 1764 1286 1814 quo
1302 1750 1516 1812 Beatus,

441 1832 750 1879 transumere.
788 1828 1070 1891 Legebam,
1086 1828 1263 1887 eadem,
1285 1826 1513 1874 invidiam

439 1904 496 1954 iu
522 1920 595 1954 me
612 1905 935 1954 transmittere
951 1920 969 1952 .·
990 1903 1077 1951 vel
1116 1903 1294 1964 etiam,
1321 1904 1513 1951 tandem

440 1981 601 2030 νέω..
640 1981 863 2044 Lipsius.
1460 2006 1469 2013 -

510 2058 726 2106 Eandem
776 2057 873 2109 vim
920 2057 974 2107 iu
1018 2071 1094 2107 me
1143 2054 1511 2118 transmittere]

444 2130 704 2182 Antonius
730 2131 1053 2196 Augustinus
1065 2148 1130 2182 ex
1149 2131 1349 2197 antiqui
1370 2131 1512 2183 codi-

440 2208 517 2259 eis
535 2208 811 2273 scriptura,
834 2224 947 2273 quae
962 2216 1062 2273 est,
1074 2208 1511 2269 transmerei,faci-

440 2285 583 2348 ebat,
624 2286 933 2347 transmittet.
965 2286 1200 2335 Ursinus.
1237 2285 1511 2350 Corrigen-

441 2361 565 2412 dum
582 2363 704 2413 olim
722 2362 899 2426 putavi
920 2378 933 2410 :
966 2361 1197 2411 invidiam
1217 2377 1324 2411 vero
1354 2363 1406 2411 iu
1437 2377 1512 2411 me

440 2441 764 2490 transmittere
777 2457 794 2489 .-
816 2440 1007 2490 litteris
1023 2440 1231 2506 quidem
1249 2455 1349 2490 nou
1363 2441 1511 2490 dissi·

439 2517 665 2567 milibus.
688 2518 789 2566 Sed
817 2532 985 2581 nuper
1024 2519 1285 2581 vulgatam
1327 2518 1510 2568 lectio-

440 2594 879 2656 nemamplector.
903 2596 1039 2644 Nam
1055 2601 1132 2657 ut,
1150 2597 1426 2645 modestiam
1437 2611 1506 2646 ee·

437 2676 578 2720 natus
592 2688 779 2735 urgere,
794 2673 1069 2737 significat,
1085 2680 1291 2723 senatus
1307 2676 1508 2727 modes·

439 2747 526 2797 tiae
543 2748 643 2797 vim
659 2748 853 2812 facere,
873 2750 967 2799 -ita
990 2756 1136 2799 recte
1156 2751 1398 2800 Tiberius
1414 2752 1508 2814 ait,

437 2828 631 2877 eandem
652 2827 748 2876 vim
770 2827 836 2876 ab
876 2827 1103 2876 Hortalo
1131 2827 1183 2875 in
1212 2840 1268 2875 se
1303 2842 1509 2891 quoque

439 2903 724 2953 transmitti
746 2920 760 2951 ι
798 2902 936 2967 quod
956 2902 1094 2952 idern
1125 2909 1225 2964 est,
1250 2918 1310 2952 ac
1330 2903 1372 2951 si
1397 2904 1506 2953 dix-

436 2979 582 3041 isset,
606 2994 792 3044 urgere
828 2979 1131 3029 modestiam
1169 2985 1380 3028 senatus
1402 2995 1508 3030 me·

439 3069 641 3120 amque.
716 3056 945 3104 Pielrena.
1025 3054 1311 3105 Emendem
1341 3072 1354 3103 :
1415 3056 1506 3106 Ur·

433 3146 549 3193 gere
588 3133 864 3181 modestiam
894 3137 1104 3193 senatus,
1146 3132 1376 3181 invidiam
1414 3134 1505 3182 mi-

434 3209 669 3268 aeratioue
690 3224 887 3271 ntovere,
908 3225 964 3258 ae
986 3212 1129 3259 velut.
1197 3210 1283 3258 De
1312 3210 1505 3262 invidia

436 3290 494 3335 et
528 3284 866 3335 miseratione
898 3286 1220 3349 aptissimum
1250 3287 1335 3337 bic
1374 3303 1505 3352 esse,

438 3367 550 3413 tnm
574 3376 639 3410 ex
660 3363 772 3425 ipsa
790 3376 864 3423 re,
888 3369 996 3411 tum
1016 3377 1082 3411 ex
1108 3362 1315 3413 Hortali
1342 3364 1502 3427 ipsius

437 3445 560 3491 ante
598 3440 833 3489 recitatis
853 3438 1046 3502 verbis,
1080 3445 1253 3503 patet.
1324 3440 1502 3490 Possis

435 3520 612 3564 tamen
629 3517 807 3577 etiam,
826 3517 1056 3566 invidiam
1070 3517 1371 3566 miseratione
1391 3519 1503 3566 mis-

434 3606 568 3642 eere.-
602 3592 859 3657 quomodo
904 3592 997 3642 lib.
1036 3607 1077 3641 ι.
1126 3594 1214 3642 alii
1255 3594 1502 3642 Tacitum

435 3670 666 3721 loentum
709 3671 887 3720 volunt
908 3686 920 3719 :
968 3669 984 3697 ‘
1020 3671 1257 3739 lacrimas
1297 3670 1503 3734 gaudio,

435 3753 646 3810 questus
684 3747 982 3797 adulatione
1005 3746 1330 3796 miscebant)
1395 3748 1500 3797 Sed

431 3823 576 3886 prius
598 3824 661 3872 ad
684 3838 793 3873 rem
817 3824 1007 3887 aptius.
1075 3824 1296 3874 Poterat
1315 3831 1371 3875 et
1386 3825 1501 3876 sim-

434 3900 665 3962 pliciter,
706 3899 944 3948 Invidiam
981 3900 1034 3948 iu
1063 3915 1137 3948 me
1158 3903 1499 3951 transmittere.

434 3975 707 4027 Quomodo
724 3975 862 4024 infra
879 3977 1080 4025 locutus
1097 3984 1212 4026 est:
1237 3981 1251 4005 ‘
1274 3978 1499 4027 Proinde

434 4053 630 4101 tradito
653 4053 822 4116 Cotye
846 4054 1066 4115 veniret,
1093 4053 1497 4119 transferretque

429 4126 675 4177 invidiam
699 4129 960 4179 criminis.'
1006 4131 1269 4180 Acidaliae.
1338 4134 1499 4195 Lego,

432 4205 626 4255 andem
668 4205 767 4254 odii
809 4207 904 4255 vim
935 4208 988 4256 iu
1031 4224 1103 4256 me
1147 4209 1496 4258 transmittere.

432 4279 830 4345 Mirandulanus
869 4283 1054 4348 codex,
1097 4286 1219 4333 mihi
1260 4286 1312 4334 in
1348 4299 1412 4334 ea
1441 4300 1497 4335 re

429 4351 621 4409 facula.
689 4359 806 4410 Nisi
828 4360 996 4411 codex
1019 4361 1396 4427 manuscriptus
1418 4375 1501 4423 urf

1160 385 1377 435 1101·AE
1425 382 1827 439 vAmouUM
1877 382 1957 431 m

1588 531 1760 590 geret,
1790 537 2031 576 excusam
2054 523 2347 590 probarem,
2365 538 2480 590 quae
2497 521 2657 586 aptis·

1589 603 1717 652 sima
1757 608 1853 653 est.
1907 603 2149 653 Aurelius.
2234 601 2452 664 Optime
2500 600 2661 649 babet

1591 679 1859 742 vulgatum
1883 698 1898 730 ε
1932 693 2050 728 uam
2074 685 2131 729 et
2151 678 2224 728 vis
2250 676 2472 729 infertur
2493 674 2659 740 pudo·

1590 756 1670 805 ri:
1704 755 1780 804 vis
1813 754 1971 806 etiam
2005 762 2104 818 est,
2124 770 2239 806 cnm
2264 753 2462 819 aliquid
2497 757 2660 803 extor-
2693 744 2700 749 ⁸

1588 836 1701 894 quet
1741 831 2038 894 improbitas,
2061 837 2120 880 ut
2143 829 2373 894 loquitur
2405 828 2656 879 Arbiter:

1590 908 1676 957 cui
1697 908 1939 975 concedit
1959 907 2145 958 frontis
2167 906 2508 957 imbecillitas.
2566 904 2658 955 Sic

1587 984 1679 1034 lib.
1707 997 1806 1036 ιν.
1826 989 1908 1034 36.
1941 985 1958 1013 ‘
1982 986 2123 1048 Ergo
2147 990 2206 1033 ut
2234 984 2285 1033 in
2327 982 2542 1048 privatis
2564 995 2656 1031 ne·

1589 1060 1990 1112 cessitudinibus
2025 1060 2258 1124 proxima
2280 1059 2500 1125 pignora
2520 1072 2658 1123 prm·

1589 1138 1847 1201 valerent²
1864 1138 1941 1188 ita
1956 1138 2054 1188 Po.
2071 1138 2137 1188 R.
2159 1137 2431 1202 plurimam
2447 1136 2553 1185 vim
2567 1134 2658 1184 ba·

1588 1215 1734 1276 bere,
1766 1213 2156 1279 parendumque
2185 1211 2480 1285 retinenti)
2523 1212 2657 1261 Gro-

1589 1306 1697 1340 nov.

1655 1372 1787 1422 Cu».
1803 1374 1886 1421 39.
1911 1370 2025 1421 Nou
2042 1370 2208 1420 servili
2227 1366 2407 1430 araim]
2433 1365 2654 1416 Interim

1587 1448 1773 1512 servile,
1799 1462 1894 1511 pro
1932 1447 2043 1511 vili,
2066 1448 2297 1510 abiecto,
2320 1453 2378 1495 et
2398 1457 2620 1507 nequam
2643 1456 2659 1503 ς

1589 1538 1708 1572 uam
1744 1539 1841 1588 per
1871 1523 2085 1574 humilia
2118 1522 2393 1586 depressus
2431 1519 2539 1582 vix,
2562 1524 2657 1568 aut

1589 1616 1726 1663 raro,
1747 1603 1811 1651 ad
1834 1603 2086 1667 praeclara
2107 1615 2162 1651 se
2185 1599 2357 1663 erigit.
2415 1595 2658 1646 Aurelius.

1652 1680 1865 1729 Furatar
1903 1676 2105 1740 eineres]
2152 1677 2228 1725 Ut
2262 1679 2411 1739 tanto
2453 1671 2657 1721 facilius

1588 1757 1945 1821 persuaderet,
2002 1753 2289 1818 Agrippam
2345 1749 2655 1799 Postumum

1587 1838 1850 1882 mortuum
1872 1845 1973 1880 nou
1996 1844 2129 1880 esse.
2183 1828 2424 1877 Muretus.

1660 1909 1915 1972 Veetusque
1960 1907 2156 1971 Coram]
2223 1903 2383 1967 Apud
2428 1901 2657 1952 Diouem

1585 1987 1749 2049 leges,
1794 1985 1848 2033 in
1894 1982 2120 2034 Galliam
2161 1977 2458 2045 profectum
2514 1993 2654 2028 eum.

1586 2060 1690 2111 Sed
1714 2062 1860 2110 Corae
1883 2073 2070 2108 nomeu
2107 2072 2205 2121 ego
2245 2054 2386 2120 apud
2422 2054 2658 2118 Geogra-

1587 2136 1789 2201 phasin
1812 2136 1909 2185 boc
1935 2141 2108 2185 tractu
2147 2148 2251 2183 non
2294 2131 2535 2196 reperio:
2577 2146 2658 2180 re-

1588 2205 1736 2277 p'erio
1759 2211 1945 2262 Cosoe:
1993 2209 2133 2275 quod
2175 2208 2400 2259 Etruriae
2439 2205 2656 2273 opidum

1584 2289 1686 2340 fuit
1724 2290 1776 2339 in
1810 2287 2018 2338 sublimi
2061 2288 2193 2336 colle
2232 2287 2300 2335 ad
2336 2294 2499 2345 mare,
2535 2298 2656 2333 cum

1587 2366 1824 2430 subjecto
1845 2367 1977 2417 sinu.
2033 2365 2219 2415 Strabo
2241 2363 2331 2412 lib.
2351 2377 2405 2412 v.
2445 2359 2581 2410 Μετὰ
2604 2358 2657 2427 δὲ

1586 2441 1860 2491 Ποπλώνιον
1893 2440 2061 2491 Κόσσα
2080 2440 2240 2505 πόλις,
2248 2438 2411 2505 μικρὸν
2432 2437 2547 2503 ὑπὲρ
2568 2440 2656 2496 τῆς

1586 2516 1840 2577 θαλάττης·
1858 2515 1962 2566 ἔστι
1977 2515 2028 2566 δὲ
2041 2517 2092 2567 ἐν
2103 2517 2266 2579 κόλπῳ
2278 2515 2447 2574 βουνὸς
2458 2513 2654 2579 ὑψηλός.

1584 2595 1822 2644 Vicinum
1844 2594 1900 2643 id
1923 2596 2101 2659 portui
2143 2594 2387 2644 Herculis
2427 2594 2654 2643 Rutilius

1583 2670 1638 2719 iu
1677 2670 1955 2720 Itinerario
2010 2672 2189 2722 locat:
2237 2672 2253 2699 ‘
2279 2674 2349 2722 Et
2399 2671 2654 2721 desolatoe

1584 2748 1771 2797 moenia
1807 2742 1946 2797 soeda
1984 2748 2172 2799 Casae!
2239 2749 2445 2799 Servius
2478 2749 2544 2799 de
2568 2763 2654 2797 eo·

1587 2825 1738 2875 dem:
1776 2827 1793 2854 ‘
1825 2827 1977 2878 Cosae
2023 2827 2209 2877 civitas
2246 2826 2503 2889 Thusciae,
2538 2820 2654 2891 quae

1584 2917 1799 2954 numero
1813 2904 2061 2968 singulari
2077 2904 2234 2955 etiam
2249 2903 2533 2953 secundum
2544 2900 2656 2952 Sal·

1583 2979 1794 3028 lustium
1813 2978 2044 3029 dicitur.’
2087 2980 2339 3047 Nominat
2361 2985 2415 3029 et
2448 2979 2651 3029 Plinius

1584 3054 1672 3104 lib.
1697 3069 1759 3105 11.
1794 3056 1980 3122 Itaque
2024 3057 2113 3120 qui
2148 3071 2230 3106 me
2256 3056 2451 3119 audiet,
2477 3057 2652 3105 Cosam

1582 3130 1667 3181 hic
1686 3133 1946 3182 restituet.
1984 3133 2196 3196 Lipsiae.

1648 3210 1812 3274 Neque
1848 3212 2096 3274 propalam
2151 3209 2323 3274 aspici]
2390 3209 2540 3259 Idem
2584 3209 2652 3259 de

1581 3285 1878 3349 Hilarioue,
1909 3287 1998 3336 illo
2033 3288 2172 3336 inter
2210 3288 2486 3337 monachos
2518 3288 2656 3351 cele-⁸

1584 3361 1824 3426 berrimo,
1861 3363 2024 3413 tradit
2074 3364 2399 3427 Nicephorus
2455 3364 2544 3413 lib.
2594 3377 2651 3416 Χ.

1581 3437 1725 3487 Hist.
1779 3454 1895 3504 cap.
1935 3444 1984 3490 9.
2031 3440 2294 3490 ἐσπούδασε
2341 3440 2433 3505 γὰρ
2467 3440 2649 3504 ἀφανὴς

1581 3511 1697 3565 εἶναι
1726 3519 1834 3587 ταῖς
1862 3516 2207 3580 μεταβάσεσιν,
2238 3519 2299 3567 ὥς
2341 3536 2397 3569 τε
2427 3515 2647 3579 τάχιστα

1580 3591 1787 3642 διαλύειν
1811 3594 1901 3653 τὴν
1936 3594 2041 3659 περὶ
2064 3595 2208 3644 αὐτοῦ
2230 3591 2651 3655 ἐπισυνισταμένην

1580 3669 1747 3732 Mean:
1784 3672 2100 3736 Inprimisque
2135 3673 2295 3722 studio
2332 3673 2546 3733 habebat,
2593 3677 2649 3737 ut

1578 3746 1864 3809 migratione
1915 3748 2078 3797 erebra
2131 3749 2369 3798 obscurior
2417 3753 2554 3809 esset,
2597 3754 2648 3797 et

1577 3839 1716 3888 quam
1741 3826 1949 3887 primum
1991 3826 2151 3889 opinio
2190 3842 2245 3874 ae
2277 3825 2571 3875 existimatio
2589 3826 2650 3877 de

1578 3915 1631 3951 eo
1653 3902 1864 3950 excitata
1885 3907 2192 3952 evanesceret.
2257 3903 2360 3952 Sed
2380 3902 2528 3966 hujus
2544 3916 2650 3953 me-

1577 3976 1676 4025 lior
1698 3992 1873 4037 causa,
1905 3993 2059 4041 quam
2091 3979 2227 4028 illius
2268 3978 2645 4043 pseudoagrip·

1578 4068 1679 4116 pae.
1734 4055 2058 4104 Romam-nius.
2611 4096 2620 4103 ,

1649 4131 1858 4192 Veritas,
1880 4133 1983 4181 visa
2000 4138 2048 4181 et
2069 4134 2225 4198 mora]
2261 4132 2403 4182 Hist.
2423 4146 2460 4182 1.
2499 4134 2514 4159 ‘
2537 4147 2647 4183 sce·

1576 4209 1688 4258 lera
1715 4208 1935 4272 impetu,
1967 4210 2106 4259 bona
2136 4204 2533 4262 consilia'mora
2555 4224 2645 4260 va·

1574 4284 1812 4335 lescere.’
1844 4286 2073 4337 Pieheaa.
2463 4274 2468 4279 ⁵
2651 4340 2654 4343 ,

1641 4360 1950 4426 Βεῖίκιιιιςὸαέ
1961 4360 2169 4430 famam]
2198 4361 2387 4415 Statim
2403 4360 2642 4434 abeundo
