3009 4942
169 557 178 561 ’
279 577 402 631 bet.

809 438 959 489 mn.
1007 438 1134 488 xv.
1180 440 1348 489 osa·
1381 425 1490 490 40.
1536 404 1974 496 Ariminum,

439 600 446 605 ·
468 577 922 643 Opinor'l'acitnm
944 584 1232 649 scripsisse,
1264 585 1355 635 huc

277 655 580 720 *inceste-ris,
602 659 1029 721 quemadmodum
1056 663 1179 712 alibi
1213 674 1353 728 saope

287 732 543 797 loquitur.
607 735 723 787 Lib.
746 749 786 785 1.
813 741 828 766 ‘
844 735 946 786 Sed
964 739 1221 788 exterruit
1243 739 1353 789 Coe-

290 809 415 860 eiua
435 809 537 861 huc
558 810 678 862 illuc
699 812 873 864 ferens
892 815 1067 866 arma.'
1136 816 1252 870 Lib.
1273 832 1351 868 ιν.

286 889 305 912 ‘
329 882 436 934 Sed
477 889 721 953 persequi
756 890 1011 942 incertum
1045 891 1162 955 fuit,
1199 909 1353 958 quum

289 973 361 1010 ex
399 977 495 1011 usn
526 965 772 1028 temporis
809 966 910 1017 linc
942 967 1063 1019 illuc
1085 971 1353 1021 mearent!

291 1029 569 1089 Rhenanus.
705 1054 716 1063 ·

358 1115 440 1165 Ad
469 1116 568 1167 liaec
610 1119 815 1171 tamem
858 1124 1132 1187 paventium
1150 1123 1357 1185 femina-

289 1190 425 1254 rm]
475 1192 788 1258 scripsimus
830 1197 995 1248 Adhuc
1015 1217 1032 1249 .·
1080 1215 1184 1266 qua
1226 1215 1355 1251 voce

290 1266 453 1317 etiam
475 1270 596 1320 alibi
618 1272 797 1325 utitur.
841 1275 1111 1327 manus.

363 1343 511 1395 Fessa
530 1352 673 1398 oetatc
690 1363 841 1415 senes,
878 1358 963 1402 ant
987 1354 1122 1403 rudis
1137 1355 1357 1418 pueritie

290 1423 558 1487 etuas-m]
590 1426 677 1476 Ita
697 1441 764 1477 ex
791 1443 840 1479 v.
863 1443 909 1479 c.
937 1431 1228 1495 legendum.
1293 1432 1357 1482 In

291 1499 519 1564 vulgatis
535 1502 684 1553 deest
705 1506 920 1557 verbum
938 1523 1087 1559 senes.
1119 1509 1358 1561 Ursinus.

293 1579 465 1632 Quam
490 1590 671 1646 aperte
692 1598 840 1635 senes
873 1586 1191 1652 designasset
1212 1589 1256 1638 si
1286 1589 1359 1639 sic

296 1655 516 1707 dixisset
541 1658 677 1718 fessa
706 1663 864 1725 annis,
884 1668 969 1712 aut
988 1665 1123 1714 radis
1137 1666 1359 1730 pueritie

283 1732 434 1783 ctas.
498 1734 649 1801 Idem
682 1744 857 1789 autem
904 1746 1024 1790 sunt
1074 1747 1195 1792 oetas
1223 1741 1361 1801 fessa

294 1814 443 1859 atate
460 1817 516 1862 et
534 1812 794 1873 oetassessa
812 1817 968 1867 anub.
1033 1819 1158 1868 scil.
1194 1820 1360 1870 senio·

292 1899 398 1936 res.
454 1887 639 1952 Vir-gil.
680 1889 880 1955 θεοῖς.
912 1906 1004 1941 ur.
1050 1895 1067 1923 ⁴
1099 1892 1169 1944 At
1193 1893 1359 1946 tribus

294 1963 500 2013 exactis
537 1979 653 2014 cum
694 1975 878 2033 quarta
912 1972 1193 2021 accesserit
1215 1977 1361 2035 κιαι,

287 2039 533 2104 Carpere
571 2057 692 2093 mox
727 2056 910 2108 gyrum
953 2047 1207 2113 incipiat?
1272 2050 1362 2100 Fit

297 2112 462 2179 igitur
485 2119 679 2169 mentio
703 2120 770 2170 de
792 2118 1015 2185 feminis,
1044 2123 1110 2175 de
1130 2125 1359 2191 senibus,

298 2191 445 2243 etde
486 2195 679 2260 pneris,
719 2197 913 2263 quippe
937 2201 1022 2265 qui
1055 2200 1362 2253 infirmiores

296 2268 420 2337 sin-t.
484 2271 585 2321 Vel
606 2284 943 2326 recensentur
971 2274 1177 2329 feminae
1202 2279 1364 2331 senio·

284 2346 386 2394 ‘res
409 2348 934 2410 tantum,feminarum
954 2353 1090 2414 sessa
1125 2361 1284 2421 oetate,
1306 2364 1363 2408 et

298 2424 447 2488 pueri
469 2441 483 2478 z
520 2426 853 2494 sequiturque
871 2429 1152 2482 Homerum
1166 2439 1363 2498 noster,

300 2501 391 2565 qni
446 2516 597 2553 senes
640 2503 801 2555 etiam
854 2509 1206 2570 praetermisit.
1240 2508 1289 2559 ai
1318 2510 1362 2560 κ’

302 2575 481 2647 ἐλάσῃ
500 2580 648 2629 Ἀστυ
666 2580 740 2647 τὲ,
762 2583 841 2633 καὶ
856 2587 1021 2650 Τρῦυν
1040 2586 1266 2652 ἀλόχους,
1285 2587 1364 2638 καὶ

299 2655 444 2716 ’ἤτω
460 2659 636 2713 τέκνω
672 2662 706 2710 ἰ.
730 2665 774 2714 si
793 2661 929 2723 forte
959 2666 1235 2716 misereatur
1251 2665 1367 2717 cini·

286 2740 422 2789 ‘tacis
440 2744 492 2790 et
509 2742 762 2805 conjugum
787 2740 1092 2803 stojanmm
1124 2749 1173 2793 et
1206 2741 1365 2804 infan-

298 2815 422 2865 tim
433 2831 702 2880 puerorum.
766 2815 853 2867 Ad
872 2818 1104 2868 ultimum
1120 2823 1239 2869 oeeas
1256 2825 1364 2869 tam

301 2891 451 2945 brevi
469 2894 696 2958 repetita
707 2893 978 2944 intervallo
995 2894 1367 2959 castigationes

293 2960 520 3020 'allicere
549 2985 652 3021 non
689 2970 901 3020 debuit:
950 2985 1068 3020 nam
1090 2971 1155 3020 de
1179 2984 1271 3020 suo
1292 2970 1367 3020 lo·

283 3044 364 3095 'co
386 3045 576 3097 similia
595 3061 695 3097 non
717 3047 1006 3098 decessere.
1053 3047 1201 3098 Cart.
1221 3048 1260 3097 l.
1282 3061 1367 3098 111.

299 3120 316 3151 ⁶
337 3124 537 3176 Contra
579 3123 622 3174 si
639 3124 770 3190 'quis
812 3124 979 3173 aciem
1014 3124 1367 3175 Macedonum

299 3200 614 3265 intueretur,
635 3200 814 3265 dispar
836 3198 976 3251 acies
991 3200 1140 3252 erat.'
1167 3196 1368 3266 ‘Neque

300 3275 434 3328 baec.
497 3276 673 3328 Plaut.
698 3277 931 3327 Trinum.
960 3276 977 3306 ‘
1001 3291 1117 3327 nam
1154 3292 1254 3342 ego
1292 3284 1368 3329 ta·

302 3352 503 3403 lentum
527 3359 759 3403 mutuum
798 3353 952 3407 Quod
994 3352 1261 3417 dederam,
1289 3360 1369 3404 ta·

287 3426 447 3479 lento
502 3429 760 3479 inimicum
806 3430 933 3480 mihi
976 3430 1094 3493 emi,
1151 3430 1369 3481 amicum

299 3503 553 3555 vendidi!
639 3505 813 3556 Multo
868 3508 1033 3557 minus
1075 3507 1370 3572 hujusmodi

287 3580 449 3632 Suet.
474 3581 610 3646 Aug.
634 3585 715 3631 28.
749 3586 766 3611 ⁸
790 3583 1021 3632 Dubium
1043 3591 1235 3635 eventu
1264 3598 1370 3633 me·

289 3658 451 3721 *liore,
467 3672 531 3707 an
551 3659 996 3724 voluntate,quam
1016 3661 1370 3716 voluntatem?

302 3734 590 3785 Salinerius.
654 3736 816 3787 Delet
843 3736 1049 3800 Lipsius
1070 3748 1273 3799 vocem,
1303 3753 1368 3786 oe·

299 3816 428 3861 tate.-
463 3826 578 3877 quae
616 3811 658 3860 si
688 3826 789 3862 non
810 3827 1150 3878 supervacua,
1184 3814 1370 3863 saltem

289 3887 510 3938 vitiosa.
577 3888 688 3952 Ego
712 3889 754 3938 si
778 3890 969 3945 librum
993 3896 1260 3955 auctorem
1283 3890 1370 3939 ha-

285 3963 508 4027 berem,
527 3962 759 4013 libenter
778 3965 1129 4031 restituerem,
1137 3965 1271 4028 fessa
1291 3980 1373 4014 an-

301 4040 487 4091 nisani
508 4041 641 4090 radis
671 4041 895 4103 paeritioe
931 4048 1066 4094 aetas.
1132 4043 1289 4093 Certe
1310 4043 1374 4092 si-

289 4116 442 4167 'milis
465 4116 641 4183 aliqua
662 4132 760 4167 vox
785 4118 1082 4183 requiritur,
1106 4134 1220 4184 qnae
1255 4119 1372 4168 voci

300 4192 543 4257 mania,
555 4193 884 4258 respondeat.
919 4195 1199 4245 Rhenanus
1213 4197 1374 4245 etiam

308 4267 373 4317 ad
400 4267 545 4321 nist.
581 4269 619 4318 l.
642 4282 685 4319 1.
716 4269 734 4298 ‘
757 4267 897 4321 fessa
916 4270 1030 4335 jam
1062 4277 1222 4322 aetate
1246 4273 1372 4322 Gal-

297 4343 440 4417 bnz'·
469 4344 839 4411 corrigendum
856 4346 1062 4412 suadet,
1081 4348 1222 4409 sessa
1235 4348 1375 4398 anis

2310 388 2490 499 2095

1429 590 1574 636 atate
1613 587 1796 638 Galbae.
1848 589 2096 640 Pichena.
2162 588 2334 642 Sensit
2371 606 2487 644 cor·

1429 663 1726 726 ruptionem
1769 665 1865 714 Vir
1917 664 2131 718 doctiss.
2184 676 2238 718 et
2288 669 2489 721 amoliri

1429 741 1623 804 sategit
1643 739 1979 811 superfluenti
2001 759 2131 794 voce
2153 745 2381 797 inducta.
2414 746 2491 799 At

1430 815 1619 865 videsis
1653 832 1720 866 an
1757 819 2058 869 concinnius
2095 821 2168 871 ita
2197 821 2492 874 subveneri-

1421 900 1570 953 'mus3
1617 892 1748 957 fessa
1781 899 1916 957 aetas,
1956 902 2041 944 aut
2079 898 2213 947 radis
2250 899 2491 962 pueritiaz

1431 968 1622 1032 pingue
1658 969 1792 1019 enim
1828 973 2002 1022 nescio
2032 974 2156 1039 qnid
2190 982 2340 1027 sonat
2373 982 2494 1029 otas

1426 1046 1674 1107 pueritie.-
1705 1046 1895 1097 deinde
1936 1051 2037 1099 ista
2072 1050 2314 1114 trajectio
2339 1051 2493 1118 fessa,

1430 1123 1510 1184 &a
1534 1127 1668 1186 oetas,
1686 1123 1823 1173 haud
1857 1126 2053 1188 placet,
2086 1143 2183 1178 nec
2203 1129 2370 1180 Taciti
2407 1145 2493 1198 ge·

1432 1199 1574 1248 nium
1603 1200 1803 1264 resipit.
1871 1201 2234 1256 Freinshemius.

1497 1275 1632 1326 cn».
1668 1280 1750 1327 ³9.
1790 1277 1847 1327 In
1874 1281 2069 1330 mitam
2100 1282 2352 1348 cadebant]
2394 1285 2494 1337 Co-

1433 1354 1537 1403 dex
1569 1356 1846 1422 Budensis,
1877 1357 2070 1408 avitum
2099 1363 2342 1413 cadebant.
2404 1363 2495 1415 Sic

1433 1428 1598 1481 infra:
1629 1431 1646 1459 ‘
1671 1432 1814 1481 Dum
1849 1436 2030 1483 merita
2063 1450 2190 1501 erga
2230 1439 2495 1489 Neronem

1433 1520 1547 1568 sna,
1593 1512 1649 1556 et
1692 1523 1846 1573 quam
1899 1510 2102 1560 irritum
2148 1513 2496 1579 cecidissent,’

1435 1584 1626 1647 aperit.
1694 1584 1768 1635 At
1788 1585 2061 1652 utrobique
2098 1588 2290 1653 legitur
2310 1590 2364 1639 in
2386 1590 2496 1641 vul-

1434 1661 1571 1722 gatis
1592 1660 1924 1726 editionibus,
1944 1664 1998 1714 in
2017 1663 2233 1717 irritum.
2296 1667 2498 1719 Rhena-

1434 1750 1549 1786 nus.

1500 1811 1606 1862 Nec
1623 1814 1736 1864 dum
1752 1817 1908 1879 posits
1920 1820 2049 1869 unctu
2062 1819 2185 1869 satis
2202 1819 2496 1884 credebatur,

1432 1902 1541 1938 cuns
1568 1890 1702 1958 levis]
1737 1893 2102 1958 Reposuimns,
2140 1896 2245 1946 Nec
2272 1898 2386 1946 dum
2412 1911 2498 1960 pa·

1425 1966 1528 2013 sita
1551 1970 1696 2030 metu,
1718 1969 1922 2018 redibat.
1977 1970 2119 2019 Lenis
2138 1985 2325 2022 rursum
2341 1987 2501 2035 grass.

1427 2042 1582 2105 ignis.
1616 2045 1912 2096 Rhenanus.
1977 2045 2245 2098 Muretus:
2285 2050 2501 2099 Necdum

1431 2118 1587 2182 posito
1608 2124 1735 2170 metu
1748 2122 1867 2170 satis
1883 2122 2176 2188 credebatur,
2185 2140 2294 2174 cum
2312 2139 2502 2175 rursum

1432 2210 1513 2257 gr.
1537 2195 1630 2245 sed
1652 2199 1815 2263 maj0r
1849 2199 1962 2250 baec
1996 2200 2224 2263 licentia,
2246 2216 2398 2266 quam
2440 2208 2502 2251 ut

1427 2272 1724 2337 probanda.
1780 2277 1964 2326 Malim
1988 2284 2359 2343 transponere·
2396 2279 2500 2328 Nec

1436 2354 1550 2401 dum
1565 2354 1719 2416 posita
1742 2359 1887 2417 min,
1917 2353 2140 2404 redibat
2121 2354 2269 2419 ignis,
2290 2368 2503 2405 rursum-

1436 2443 1525 2492 que
1554 2436 1821 2494 grassatus,
1857 2431 2018 2494 levius,
2058 2437 2107 2482 ct
2138 2431 2318 2498 patulis
2346 2431 2505 2495 magis

1434 2505 1568 2555 urbis
1585 2507 1714 2557 locis.
1778 2507 2065 2559 Acidalins.

1503 2581 1639 2633 Car.
1661 2587 1743 2633 40.
1781 2583 1909 2640 Quia
1939 2584 2141 2647 prediis
2169 2583 2393 2647 Tigillini
2413 2583 2504 2634 Ε-

1436 2656 1649 2708 rutilianis
1678 2659 1985 2723 proruperat]
2030 2661 2175 2711 Suet.
2200 2660 2384 2711 Claud.
2418 2664 2501 2712 18.

1435 2733 1452 2760 ‘
1476 2735 1650 2786 Quum
1689 2735 1959 2785 AEmiliana
1999 2737 2318 2801 pertinacius
2356 2738 2504 2789 arde·

1438 2811 1589 2860 rent!
1654 2810 1897 2862 videnda
1935 2828 2053 2879 qnoe
2094 2813 2393 2879 scripsimus
2434 2814 2501 2864 ad

1438 2888 1601 2938 verba
1622 2887 1712 2938 illa
1733 2889 1982 2940 Varronis
2016 2905 2083 2940 ex
2114 2891 2206 2941 lib.
2229 2905 2316 2943 111.
2353 2890 2420 2941 de
2441 2905 2505 2943 re

1438 2965 1639 3015 rustica
1674 2962 1691 2993 ⁶
1736 2964 1840 3018 Qui
1899 2966 2139 3018 habitant
2197 2973 2348 3018 extra
2384 2982 2505 3033 por·

1441 3049 1550 3092 tam
1592 3043 2002 3107 Flumentanam,
2055 3052 2149 3095 ant
2197 3045 2252 3094 in
2278 3045 2506 3097 AEmilia-

1440 3119 1556 3182 nis‚'
1575 3123 1676 3171 stc.
1698 3120 1785 3170 nbi
1808 3121 2200 3187 inscriptionem
2216 3123 2369 3173 etiam
2389 3136 2506 3188 pro-

1440 3197 1670 3262 tulimus,
1694 3212 1810 3263 qnae
1849 3197 1989 3264 apud
2026 3212 2111 3249 me
2149 3204 2229 3250 est
2266 3200 2320 3249 in
2357 3213 2508 3250 aenea

1443 3274 1658 3335 tabella,
1688 3275 1704 3303 ‘
1725 3275 1813 3324 De
1835 3275 1953 3324 navi
1982 3275 2235 3340 oneraria,
2259 3286 2374 3341 quae
2396 3288 2507 3326 ser·

1440 3349 1520 3400 vit
1539 3349 1596 3399 in
1615 3350 1937 3400 AEmilianis.’
2008 3350 2229 3400 Ursinus.

1511 3425 1696 3490 Quippe
1716 3427 1769 3475 in
1792 3427 2005 3488 regiones
2046 3439 2164 3478 xlv.
2196 3427 2351 3476 Roma
2383 3426 2506 3476 divi·

1435 3496 1599 3563 ‘ditur-J
1649 3498 1907 3551 Convenit
1926 3502 2023 3552 hoc
2047 3515 2163 3552 cum
2199 3501 2310 3555 aliis
2328 3501 2508 3567 Scrip-

1442 3579 1662 3642 toribns,
1679 3585 1735 3629 et
1752 3580 1962 3644 antiqua
1977 3580 2130 3629 etiam
2147 3580 2508 3645 inscriptione,

1443 3655 1495 3703 in
1519 3670 1622 3720 qua
1643 3662 1756 3705 est:
1792 3669 2077 3708 mamsrnr.
2105 3669 2382 3710 vrconmu.
2406 3669 2507 3708 un·

1442 3745 1546 3782 ms.
1570 3744 1882 3784 nacionum.
1906 3746 2058 3784 11111.
2130 3734 2345 3786 Ursinus.

1515 3809 1629 3860 Tres
1662 3811 1757 3860 salo
1800 3814 1935 3860 tem
1974 3811 2188 3874 deiectae]
2245 3809 2508 3875 Regiones

1446 3887 1677 3952 deJectas
1720 3902 1822 3937 non
1866 3894 2013 3951 apte,
2055 3887 2228 3949 credo,
2271 3886 2509 3949 dixeris3

1446 3966 1722 4030 veriusque
1757 3965 1843 4014 hic
1881 3962 2020 4013 forte
2067 3963 2153 4027 sit,
2191 3967 2405 4027 detectoe,
2445 3970 2507 4014 ut

1446 4043 1557 4091 solo
1593 4048 1743 4092 tenus
1783 4042 2066 4091 denudatas
2107 4040 2269 4103 dieat,
2309 4040 2395 4091 cui
2429 4054 2509 4090 se·

1446 4118 1658 4182 quentia
1696 4119 1909 4182 pulchre
1945 4117 2292 4183 respondent:
2343 4116 2360 4144 ‘
2377 4115 2510 4180 Sep-

1448 4198 1554 4243 tem
1575 4194 1780 4261 reliqnis
1804 4209 1971 4259 panca
2007 4199 2263 4245 tectorum
2285 4191 2511 4257 vestigia

1446 4278 1770 4342 supererant,
1805 4272 1980 4323 lacera
2001 4276 2057 4322 et
2077 4268 2357 4323 semiusta?
2396 4268 2512 4323 Aci-
