3009 4942
398 849 404 855 “
485 838 685 889 utitur:

401 460 417 481 ¹·
478 436 662 515 3810

403 600 413 613 ’
481 604 683 661 uertit!
749 600 883 655 Anu.
907 603 943 655 l.
964 616 1042 654 vt.
1075 602 1092 632 ‘
1115 602 1301 668 Neque
1335 602 1554 652 exuerat

486 670 773 751 paedorem,
807 687 866 731 ut
888 682 1094 744 vulgum
1117 679 1442 727 miseratione
1465 679 1549 728 ad·

422 786 426 790 *
486 759 753 812 verteret!
809 758 944 807 Plin.
962 757 1129 819 Epist.
1148 770 1186 804 ι.
1207 761 1282 804 10.
1301 757 1373 805 sic
1391 755 1549 805 etiam

735 841 751 862 ‘
774 837 945 884 Multa
970 835 1022 882 in
1046 835 1310 896 Euphrate
1333 834 1404 881 sic
1428 832 1550 880 emi·

484 921 617 971 nent
653 921 709 963 et
741 914 1049 972 elucent‚nt
1074 909 1405 960 mediocriter
1429 924 1551 974 quo·

487 1006 617 1057 qne
632 991 814 1040 doctos
861 988 1135 1038 advertant
1186 993 1240 1035 et
1286 984 1552 1037 afficiant)

484 1068 687 1119 Seneca
724 1066 962 1131 Epistola
1000 1069 1112 1114 115.
1154 1064 1327 1128 paullo
1363 1064 1546 1113 aliter.

488 1148 506 1174 ‘
532 1146 636 1207 Qui
684 1147 912 1193 lacernas
965 1142 1150 1191 coloris
1201 1140 1421 1205 improbi
1469 1148 1551 1190 su-'

486 1228 652 1286 munt,
693 1222 779 1286 qui
824 1221 1178 1283 perlucentem
1231 1226 1422 1280 togam,
1462 1218 1549 1281 qui

485 1301 671 1350 nolunt
705 1297 879 1347 facere
911 1296 1199 1361 quicquam,
1224 1294 1358 1359 quod
1392 1294 1550 1341 bomi-

485 1392 610 1429 num
632 1376 792 1425 oculis
810 1374 1067 1423 transilire
1086 1373 1263 1421 liceat.
1329 1371 1552 1421 Irritant

484 1454 600 1505 illos
636 1459 693 1502 et
732 1452 782 1515 in
818 1465 873 1499 se
907 1449 1222 1511 advertunt!
1303 1447 1550 1501 Quamvis

485 1528 570 1579 hic
620 1528 706 1577 alii
757 1532 975 1576 avertunt
1027 1526 1225 1574 malint.
1296 1524 1551 1573 Acidulius·

485 1603 770 1659 Distinctio
792 1602 1016 1652 Acidalii
1041 1617 1139 1651 nou
1165 1602 1356 1665 placet,
1380 1614 1552 1665 quam·

490 1680 568 1730 vis
591 1687 647 1731 et
678 1679 1056 1729 Freinshemius
1078 1692 1191 1741 eam
1227 1684 1433 1734 secutus
1463 1676 1551 1726 sit.

484 1754 587 1821 Ea,
606 1756 794 1821 iuquit,
828 1753 991 1805 facies
1015 1769 1203 1818 rerum,
1222 1769 1326 1802 non
1347 1751 1555 1803 florenti

489 1831 685 1884 Caesari
725 1841 780 1882 et
816 1831 999 1883 castris
1035 1831 1140 1881 suis
1178 1831 1414 1892 subnixo,
1458 1829 1550 1879 sed

488 1910 603 1960 urbi
642 1917 813 1972 captae
854 1904 1178 1970 conveniens,
1199 1907 1294 1955 boc
1333 1914 1434 1970 est,
1457 1906 1556 1955 dis·

488 2001 664 2039 cessus
685 1986 768 2035 hic
791 1984 1056 2034 muliebris
1079 1983 1293 2047 agminis
1316 1982 1553 2047 trepidus

484 2071 645 2130 atque
663 2065 955 2127 inhonorus,
963 2064 1284 2129 gemitusque
1301 2078 1362 2112 ac
1379 2064 1554 2127 planc-

486 2150 593 2208 tus,
614 2142 770 2193 etiam
792 2142 1010 2191 militum
1042 2141 1237 2191 animos
1273 2141 1383 2190 visu
1410 2142 1553 2192 audi·

483 2225 650 2285 tuque
673 2219 940 2283 percussit.
1011 2217 1293 2267 Gronovius.

491 2314 507 2357 Α·
557 2298 695 2354 Quod
736 2301 836 2345 tam
877 2294 1044 2357 triste]
1108 2295 1331 2345 Videtur
1372 2295 1554 2346 deesse

486 2371 696 2440 aliquod
708 2371 934 2431 *verbum
955 2388 971 2433 ;
1006 2377 1062 2422 et
1094 2371 1315 2423 fortasse
1339 2373 1446 2437 legi
1469 2389 1556 2436 po·

487 2444 616 2525 test,
652 2450 789 2507 Quod
805 2455 905 2500 tam
925 2450 1063 2498 triste
1081 2451 1409 2512 spectaculum.
1460 2450 1555 2500 Ur·

485 2529 645 2581 sinus.
709 2530 827 2579 Vox
850 2527 1172 2586 substantiva
1194 2527 1548 2578 desideratur:

487 2623 641 2672 quam
661 2607 1010 2671 adscripscrat
1020 2606 1410 2668 Muretus‚quod
1426 2620 1554 2670 spec·

484 2686 690 2735 taculum
709 2689 809 2732 tam
830 2679 1006 2732 triste?
1045 2681 1136 2731 sed
1160 2680 1338 2740 addito
1360 2681 1422 2730 P.
1444 2683 1554 2731 Da-

483 2760 618 2813 nesii
650 2760 873 2809 nomine.
927 2758 1191 2811 Acidalius.
1256 2757 1418 2809 Quasi
1450 2772 1554 2807 non

484 2838 678 2901 passim
696 2842 902 2886 veteres
919 2836 1017 2885 hoc
1034 2835 1345 2899 compendio
1367 2850 1556 2885 sermo·

483 2913 566 2963 nis
602 2920 832 2965 utantur.
910 2912 1219 2962 Petronius:
1268 2913 1284 2939 ‘
1309 2911 1393 2961 Ne
1427 2913 1554 2978 quid

486 2988 693 3043 tristius
738 2994 1114 3053 exspectarem,
1154 2986 1428 3038 comitatus
1476 2987 1553 3038 fa-

487 3065 677 3121 ciebat.
759 3066 850 3129 Et,
885 3067 929 3117 si
967 3065 1090 3130 quid
1130 3063 1326 3115 tristius
1371 3066 1554 3130 paras.'

483 3141 733 3205 Intelligo
757 3148 926 3197 autem
949 3140 1001 3189 in
1025 3141 1230 3206 Tacito,
1244 3157 1393 3204 genus
1408 3143 1553 3193 homi·

483 3235 600 3275 num
621 3225 669 3271 et
689 3224 864 3278 rerum,
930 3219 1179 3269 Gronov.-

496 3344 503 3351 .
551 3298 632 3349 Aa
651 3297 944 3347 concilianda
959 3296 1120 3346 studia
1139 3297 1295 3361 vulgi]
1328 3296 1357 3327 *
1389 3298 1422 3349 J
1430 3297 1553 3348 uris·

485 3374 771 3435 consultus,
791 3374 826 3424 1.
846 3387 926 3423 lx.
965 3371 1052 3422 De
1083 3373 1284 3423 custod.
1308 3387 1548 3424 reorum:

483 3450 503 3479 ‘*
526 3450 629 3502 Qui
660 3450 946 3499 exercituum
970 3448 1183 3513 accipit,
1209 3449 1297 3514 jus
1325 3451 1552 3501 animad-

452 3564 465 3577 .
483 3526 725 3576 vertendi
747 3526 801 3575 in
823 3527 1019 3576 milites
1056 3526 1301 3592 caligatos
1324 3527 1498 3579 ,habet
1517 3526 1551 3578 ε’

489 3618 607 3653 cum
629 3604 939 3668 exceptione
961 3604 1118 3667 dixit,
1136 3605 1257 3670 quia
1277 3606 1331 3654 in
1353 3605 1552 3671 dignio-

485 3693 570 3729 res
608 3694 711 3729 non
749 3680 926 3732 habet.
994 3681 1122 3746 Legi
1157 3682 1214 3733 in
1253 3682 1431 3748 lapide
1464 3699 1552 3734 ve-

484 3760 646 3823 tusto,

746 3846 795 3885 c.
828 3848 1015 3886 ormo.
1048 3850 1095 3888 c.
1129 3852 1335 3890 imvm..

745 3925 1009 3963 ommnvs.
1044 3926 1293 3967 omens.

746 4000 808 4036 m
843 4000 1062 4038 cauus.
1096 4003 1328 4041 rvuc‘m.

552 4062 626 4112 Et
678 4061 744 4112 ab
800 4065 980 4114 eadem
1037 4067 1298 4117 sententia
1350 4066 1553 4119 Seneca

488 4140 667 4207 quinto
701 4143 788 4192 De
819 4142 1097 4195 Beneficiis
1134 4146 1361 4210 scripsit,
1392 4147 1408 4173 ⁸
1436 4147 1551 4195 Ma·

487 4217 620 4269 rium
660 4232 691 4267 a
723 4219 890 4284 caliga
913 4221 979 4271 ad
1016 4224 1335 4274 consulatum
1374 4237 1553 4287 perve-

487 4292 675 4347 nissez’
719 4294 774 4347 id
813 4303 912 4361 est,
949 4299 1015 4349 ab
1055 4299 1244 4351 infimis
1268 4298 1552 4351 ordinibus.

480 4356 625 4459 litem
645 4370 907 4429 Pliniusl.
927 4390 1055 4431 vu.
1095 4376 1456 4429 Ventidium‘
1475 4376 1553 4427 in·

397 4816 523 4914 Ιι

1048 494 1056 510 .,
1102 456 1404 507 =;.N0’1·AE
1447 446 1854 507 vammum
1899 455 1978 505 m
2075 456 2083 461 '
2123 456 2130 471 '

1624 618 1773 668 opem
1800 600 2088 668 juventam
2104 601 2155 652 in
2178 599 2393 653 militari
2419 595 2696 666 auga-sd

1621 680 1852 729 lerasse.’
1933 681 2255 745 Quamquam
2300 693 2404 729 non
2447 677 2692 742 abnuam,

1625 759 1747 822 quin
1770 758 1937 822 caliga
1955 758 2244 819 digniorum
2262 756 2419 805 etiam
2437 754 2687 811 militum:

1624 833 1717 884 sed
1758 850 1874 884 cum
1912 835 2224 895 discrimine,
2246 841 2373 896 puta
2411 830 2576 883 aureis
2611 846 2694 883 ar·

1624 913 1889 974 genteisve
1945 910 2105 960 clavis
2156 911 2429 971 distincta».
2532 906 2692 957 Unde

1624 1002 1741 1037 cum
1813 988 2077 1038 additione
2133 986 2472 1052 spectantur-ia
2513 985 2693 1049 caliga,

1626 1064 1763 1129 apud
1786 1065 1998 1139 Sueten.
2021 1074 2076 1115 et
2098 1065 2484 1115 Tertullianum.
2550 1062 2691 1127 Lip-

1676 1142 1810 1191 CAP.
1831 1146 1912 1192 42.
1929 1142 2143 1198 Quirites
2153 1141 2382 1205 vocando]
2400 1139 2691 1204 Lampridi-

1629 1232 1684 1266 us
1700 1218 1993 1269 Alexandro
2007 1221 2233 1270 Severo·
2221 1256 2233 1268 .
2222 1221 2265 1248 ·‘
2285 1218 2590 1269 Seven-itatis
2599 1231 2691 1273 au,-

1629 1300 1735 1344 tem
1766 1303 1927 1345 tantae
1968 1295 2069 1347 fuit
2105 1297 2156 1349 in
2201 1296 2409 1358 milites,
2446 1300 2508 1343 ut
2545 1307 2692 1357 saepe

1626 1370 1858 1433 legiones
1893 1372 2128 1435 integras
2155 1371 2588 1434 exauctoraverit,
2622 1385 2691 1420 ex

1627 1445 1877 1495 militibus
1902 1448 2133 1498 Quirites
2158 1445 2466 1512 appellans.'
2499 1446 2658 1497 Groui.

1694 1523 1787 1572 Illa
1805 1525 1957 1586 signis
1974 1541 2005 1574 a
2030 1524 2159 1588 Tia]
2225 1525 2466 1591 Apparet
2484 1521 2692 1585 religio—

1627 1614 1745 1651 nem
1780 1602 2005 1665 aliquam
2027 1600 2185 1652 fuisse
2208 1602 2259 1653 in
2283 1601 2469 1651 militia
2489 1599 2693 1650 ordiem-

1628 1674 1710 1727 da.
1780 1677 1950 1728 Credo
1990 1685 2164 1729 autem
2197 1679 2329 1727 hanc
2367 1677 2582 1742 primam
2609 1676 2694 1725 le·

1628 1755 1831 1819 gionem
1887 1756 2252 1820 conscriptam,
2311 1760 2437 1820 post
2488 1752 2698 1804 cladem

1627 1834 1770 1884 Vari.
1809 1834 2042 1899 Lipsius.

1698 1911 1766 1961 Τιι
1788 1916 1860 1960 tot
1877 1913 2151 1976 proeliorum
2170 1911 2321 1976 socia]
2357 1910 2604 1999 Plerique
2625 1906 2694 1961 ad

1629 1987 1898 2039 Tiberium
1944 1990 2185 2039 trabunt:
2223 1988 2452 2039 rectius
2490 1987 2695 2055 opinor

1630 2081 1780 2130 quam
1802 2067 1891 2131 qui
1914 2067 1979 2116 ad
1994 2062 2392 2118 Germanicum.
2444 2066 2562 2115 Nec
2585 2079 2695 2114 mo-

1632 2158 1752 2192 veor
1770 2144 2021 2195 vocabulo
2035 2144 2191 2205 ducis,
2212 2143 2348 2208 quod
2367 2141 2549 2208 utique
2570 2141 2693 2202 huic

1629 2234 1781 2284 quam
1817 2220 1892 2269 illi
1911 2221 1966 2270 in
1989 2235 2219 2284 praesens
2242 2220 2413 2283 aptius
2436 2224 2551 2279 est;
2599 2217 2696 2267 sed

1627 2296 1692 2346 ad
1716 2298 2042 2361 praeteritum
2073 2304 2277 2362 tempus
2309 2297 2497 2347 merito
2533 2293 2696 2349 refer·

1629 2380 1732 2438 tur,
1752 2375 1898 2440 cujus
1917 2376 2217 2434 memoriam
2237 2374 2485 2425 militibus
2502 2373 2590 2427 hic
2615 2387 2702 2424 re-

1627 2450 1781 2502 fricat
1798 2453 2159 2503 Germauicus.
2228 2452 2516 2504 Freimaem.

1638 2558 1644 2569 ι
1694 2528 1830 2578 Cu.
1869 2534 1952 2588 43.
2014 2530 2077 2579 Ut
2119 2529 2384 2591 Belgarum
2404 2528 2534 2579 istud
2554 2529 2696 2593 decus

1628 2603 1717 2667 sit]
1752 2604 2048 2654 Gloriemur
2064 2605 2264 2670 Belgae.
2307 2605 2415 2655 Nos
2432 2604 2693 2669 jamolim

1631 2680 1851 2730 Caesaris
1872 2683 2186 2742 testimonio,
2220 2685 2235 2711 ‘
2260 2682 2484 2733 omnium
2521 2681 2697 2731 Gallo·

1628 2773 1742 2807 rum
1766 2757 2028 2811 fortissimi
2049 2758 2082 2808 :'
2115 2774 2209 2813 nos
2229 2773 2362 2808 nunc
2380 2757 2697 2822 Germanici,

1628 2834 1802 2885 idonei
1841 2842 1898 2886 et
1936 2835 2094 2886 validi
2125 2840 2139 2865 ‘
2158 2834 2434 2886 subvenire
2457 2833 2695 2893 Romano

1626 2912 1836 2971 nomini,
1880 2913 2221 2977 comprimere
2270 2911 2572 2962 Germani-‘e
2608 2926 2699 2976 po-

1628 2989 1814 3051 pulos.’
1880 2990 1992 3040 Nos
2018 2984 2197 3040 Civilis
2221 3003 2369 3051 voce,
2386 2988 2403 3016 ‘
2424 2988 2697 3039 Gallorum

1628 3064 1821 3114 robur!
1883 3066 2148 3115 Praeclara
2168 3064 2288 3128 ista,
2325 3070 2381 3113 at
2414 3078 2517 3114 non
2546 3062 2697 3128 illud,

1627 3142 1784 3194 Πάλαι
1803 3146 1908 3194 ποτ’
1930 3143 2054 3205 {dur
2070 3144 2258 3206 ἄλκιμοι
2274 3142 2529 3203 Manbalot:
2562 3143 2698 3192 Olim

1537 3245 1542 3250 ·
1613 3219 1759 3280 suere
1777 3222 1959 3272 strenui
1978 3222 2180 3275 Milesii.
2245 3220 2470 3284 Lipsius.

1697 3299 1868 3350 Iisdem
1898 3301 2008 3349 istis
2027 3316 2133 3350 cum
2152 3296 2403 3361 militibus]
2468 3295 2696 3348 Omnino

1625 3375 1901 3439 legendum
1943 3377 2294 3428 commilitibus.
2380 3375 2532 3440 Ipsis,
2557 3375 2697 3424 enim

1628 3451 1731 3501 elui
1755 3454 1867 3502 vult
1886 3454 2016 3504 banc
2039 3454 2311 3516 maculam,
2332 3453 2484 3516 ipsos.
2497 3450 2696 3509 exsolvi

1625 3528 1724 3578 hac
1746 3529 1915 3594 culpa.
1983 3531 2251 3594 Frequens
2279 3535 2453 3579 autem
2474 3528 2697 3579 ducibus

1626 3605 1816 3654 milites
1836 3605 2141 3669 benigniore
2156 3606 2407 3656 vocabulo
2424 3605 2700 3654 commilites

1626 3683 1911 3746 appellare.
1977 3684 2061 3733 Sic
2081 3684 2426 3734 Historiarum
2452 3683 2697 3747 primo'in

1547 3786 1552 3795 -
1626 3760 1937 3811 Pisonianat
1961 3760 1978 3788 ‘
2000 3761 2134 3819 Quis,
2148 3761 2214 3809 ad
2232 3775 2320 3810 vos
2339 3760 2699 3825 processerim,

1630 3835 2041 3887 commilitones!
2082 3836 2295 3886 Grotius.
2339 3837 2555 3887 Sensum
2575 3851 2699 3894 eun-

1628 3911 1748 3960 dem
1768 3911 1822 3961 in
1842 3912 2013 3977 prisca
2028 3913 2254 3963 lectione
2274 3918 2458 3976 patere
2475 3926 2665 3973 censeo
2678 3928 2702 3963 ι

1629 4002 1780 4052 quam
1818 3994 1991 4038 tamen
2030 3988 2219 4037 mutari
2248 3987 2451 4039 facilius
2481 3987 2696 4054 ferrem,

1628 4067 1672 4114 si
1692 4064 1750 4114 τὸ
1781 4068 2017 4116 commiles
2051 4067 2293 4116 Latinum
2330 4081 2443 4116 esse
2476 4068 2698 4127 vocabu?

1628 4144 1732 4193 lum
1754 4151 2032 4194 constaret.
2088 4144 2193 4193 Sed
2210 4150 2417 4195 constat
2431 4159 2533 4194 non
2551 4159 2696 4207 esse3

1628 4235 1720 4269 cur
1749 4221 1895 4273 ,enim
1938 4223 2129 4286 passim
2171 4221 2328 4271 toties
2361 4222 2705 4281 commilitones

1626 4300 1926 4363 appellant?
1977 4300 2208 4350 Pellexit
2239 4300 2497 4350 illustrem
2530 4299 2698 4356 virum

1626 4374 1771 4428 locus
1792 4376 1968 4443 Plinii,
1988 4377 2134 4444 apud
2150 4391 2303 4445 quem
2333 4375 2699 4445 corrffieslef
2771 4402 2776 4407 ·
