<?xml version="1.0" encoding="UTF-8"?>
<!DOCTYPE html PUBLIC "-//W3C//DTD XHTML 1.0 Transitional//EN"
    "http://www.w3.org/TR/xhtml1/DTD/xhtml1-transitional.dtd">
<html xmlns="http://www.w3.org/1999/xhtml" xml:lang="en" lang="en">
 <head>
  <title>
</title>
<meta http-equiv="Content-Type" content="text/html;charset=utf-8" />
  <meta name='ocr-system' content='tesseract 3.04.00' />
  <meta name='ocr-capabilities' content='ocr_page ocr_carea ocr_par ocr_line ocrx_word'/>
</head>
<body>
  <div class='ocr_page' id='page_1' title='image "./operaomnia10tacigoog_0708.png"; bbox 0 0 3009 4942; ppageno 0'>
   <div class='ocr_carea' id='block_1_1' title="bbox 424 374 671 492">
    <p class='ocr_par' dir='ltr' id='par_1_1' title="bbox 424 374 671 492">
     <span class='ocr_line' id='line_1_1' title="bbox 424 374 671 492; baseline 0 0"><span class='ocrx_word' id='word_1_1' title='bbox 424 374 429 379; x_wconf 69' lang='grc'><strong>’</strong></span> <span class='ocrx_word' id='word_1_2' title='bbox 493 376 671 492; x_wconf 56' lang='lat'>⁴⁴²⁸?</span> 
     </span>
    </p>
   </div>
   <div class='ocr_carea' id='block_1_2' title="bbox 498 535 1570 1755">
    <p class='ocr_par' dir='ltr' id='par_1_2' title="bbox 498 535 1570 1755">
     <span class='ocr_line' id='line_1_2' title="bbox 498 535 1564 603; baseline -0.006 -12"><span class='ocrx_word' id='word_1_3' title='bbox 498 540 637 603; x_wconf 85' lang='lat' dir='ltr'>dem,</span> <span class='ocrx_word' id='word_1_4' title='bbox 674 538 765 589; x_wconf 87' lang='lat' dir='ltr'>sed</span> <span class='ocrx_word' id='word_1_5' title='bbox 799 538 1137 591; x_wconf 75' lang='lat' dir='ltr'>certissimam</span> <span class='ocrx_word' id='word_1_6' title='bbox 1177 542 1349 588; x_wconf 82' lang='lat' dir='ltr'>tamen</span> <span class='ocrx_word' id='word_1_7' title='bbox 1387 535 1564 586; x_wconf 85' lang='lat' dir='ltr'>attulit</span> 
     </span>
     <span class='ocr_line' id='line_1_3' title="bbox 498 617 1561 671; baseline -0.007 -1"><span class='ocrx_word' id='word_1_8' title='bbox 498 635 564 670; x_wconf 78' lang='lat' dir='ltr'>ex</span> <span class='ocrx_word' id='word_1_9' title='bbox 587 619 667 671; x_wconf 77' lang='lat' dir='ltr'>bis</span> <span class='ocrx_word' id='word_1_10' title='bbox 698 619 843 668; x_wconf 82' lang='lat' dir='ltr'>malis</span> <span class='ocrx_word' id='word_1_11' title='bbox 876 617 1227 668; x_wconf 72' lang='lat' dir='ltr'>securitatem.</span> <span class='ocrx_word' id='word_1_12' title='bbox 1302 617 1433 665; x_wconf 81' lang='lat' dir='ltr'>Boni</span> <span class='ocrx_word' id='word_1_13' title='bbox 1473 630 1561 664; x_wconf 89' lang='lat' dir='ltr'>au-</span> 
     </span>
     <span class='ocr_line' id='line_1_4' title="bbox 499 692 1563 746; baseline -0.005 0"><span class='ocrx_word' id='word_1_14' title='bbox 499 704 607 746; x_wconf 79' lang='lat' dir='ltr'>tem</span> <span class='ocrx_word' id='word_1_15' title='bbox 647 696 916 745; x_wconf 82' lang='lat' dir='ltr'>consulere</span> <span class='ocrx_word' id='word_1_16' title='bbox 950 705 1178 744; x_wconf 82' lang='lat' dir='ltr'>nostrum</span> <span class='ocrx_word' id='word_1_17' title='bbox 1212 695 1440 743; x_wconf 78' lang='lat' dir='ltr'>laborem</span> <span class='ocrx_word' id='word_1_18' title='bbox 1479 692 1563 742; x_wconf 80' lang='lat' dir='ltr'>vel</span> 
     </span>
     <span class='ocr_line' id='line_1_5' title="bbox 499 770 1564 837; baseline -0.002 -16"><span class='ocrx_word' id='word_1_19' title='bbox 499 778 720 837; x_wconf 87' lang='lat' dir='ltr'>propter</span> <span class='ocrx_word' id='word_1_20' title='bbox 763 772 861 820; x_wconf 86' lang='lat' dir='ltr'>hoc</span> <span class='ocrx_word' id='word_1_21' title='bbox 906 779 1108 821; x_wconf 84' lang='lat' dir='ltr'>certum</span> <span class='ocrx_word' id='word_1_22' title='bbox 1149 770 1286 831; x_wconf 86' lang='lat' dir='ltr'>est;&#39;</span> <span class='ocrx_word' id='word_1_23' title='bbox 1315 772 1564 834; x_wconf 63' lang='lat' dir='ltr'>(cm,</span> 
     </span>
     <span class='ocr_line' id='line_1_6' title="bbox 500 847 1564 910; baseline -0.002 -13"><span class='ocrx_word' id='word_1_24' title='bbox 500 849 638 898; x_wconf 88' lang='lat' dir='ltr'>unde</span> <span class='ocrx_word' id='word_1_25' title='bbox 663 849 899 897; x_wconf 86' lang='lat' dir='ltr'>Muretus</span> <span class='ocrx_word' id='word_1_26' title='bbox 931 854 984 897; x_wconf 86' lang='lat' dir='ltr'>et</span> <span class='ocrx_word' id='word_1_27' title='bbox 1020 847 1327 898; x_wconf 71' lang='lat' dir='ltr'>Gulielmius</span> <span class='ocrx_word' id='word_1_28' title='bbox 1363 860 1564 910; x_wconf 70' lang='lat' dir='ltr'>«equum.</span> 
     </span>
     <span class='ocr_line' id='line_1_7' title="bbox 499 924 1563 987; baseline -0.005 -12"><span class='ocrx_word' id='word_1_29' title='bbox 499 925 704 983; x_wconf 79' lang='lat' dir='ltr'>Scribe,</span> <span class='ocrx_word' id='word_1_30' title='bbox 725 939 964 987; x_wconf 69' lang='lat' dir='ltr'>(equorum</span> <span class='ocrx_word' id='word_1_31' title='bbox 986 929 1056 972; x_wconf 79' lang='lat' dir='ltr'>est</span> <span class='ocrx_word' id='word_1_32' title='bbox 1076 924 1161 973; x_wconf 79' lang='lat' dir='ltr'>vel</span> <span class='ocrx_word' id='word_1_33' title='bbox 1180 928 1458 974; x_wconf 68' lang='lat' dir='ltr'>coetemrum</span> <span class='ocrx_word' id='word_1_34' title='bbox 1475 927 1563 971; x_wconf 77' lang='lat' dir='ltr'>est.</span> 
     </span>
     <span class='ocr_line' id='line_1_8' title="bbox 502 998 1565 1065; baseline -0.005 -13"><span class='ocrx_word' id='word_1_35' title='bbox 502 1002 640 1052; x_wconf 83' lang='lat' dir='ltr'>Nam</span> <span class='ocrx_word' id='word_1_36' title='bbox 676 1000 783 1049; x_wconf 84' lang='lat' dir='ltr'>filio</span> <span class='ocrx_word' id='word_1_37' title='bbox 822 1001 1121 1065; x_wconf 82' lang='lat' dir='ltr'>scripserat,</span> <span class='ocrx_word' id='word_1_38' title='bbox 1156 1006 1216 1050; x_wconf 89' lang='lat' dir='ltr'>ut</span> <span class='ocrx_word' id='word_1_39' title='bbox 1241 1001 1353 1064; x_wconf 84' lang='lat' dir='ltr'>jam</span> <span class='ocrx_word' id='word_1_40' title='bbox 1388 998 1565 1050; x_wconf 81' lang='lat' dir='ltr'>audie·</span> 
     </span>
     <span class='ocr_line' id='line_1_9' title="bbox 500 1076 1567 1142; baseline -0.002 -14"><span class='ocrx_word' id='word_1_41' title='bbox 500 1093 635 1137; x_wconf 83' lang='lat' dir='ltr'>mus,</span> <span class='ocrx_word' id='word_1_42' title='bbox 655 1076 706 1126; x_wconf 89' lang='lat' dir='ltr'>in</span> <span class='ocrx_word' id='word_1_43' title='bbox 732 1091 831 1142; x_wconf 90' lang='lat' dir='ltr'>quo</span> <span class='ocrx_word' id='word_1_44' title='bbox 867 1077 1154 1126; x_wconf 89' lang='lat' dir='ltr'>erudiendo</span> <span class='ocrx_word' id='word_1_45' title='bbox 1176 1077 1370 1141; x_wconf 81' lang='lat' dir='ltr'>duplex</span> <span class='ocrx_word' id='word_1_46' title='bbox 1392 1091 1518 1126; x_wconf 87' lang='lat' dir='ltr'>cura</span> <span class='ocrx_word' id='word_1_47' title='bbox 1535 1091 1567 1126; x_wconf 81' lang='lat' dir='ltr'>a</span> 
     </span>
     <span class='ocr_line' id='line_1_10' title="bbox 503 1153 1567 1219; baseline -0.003 -14"><span class='ocrx_word' id='word_1_48' title='bbox 503 1153 825 1206; x_wconf 76' lang='lat' dir='ltr'>Quintiliano</span> <span class='ocrx_word' id='word_1_49' title='bbox 854 1154 1214 1218; x_wconf 73' lang='lat' dir='ltr'><strong>postulabatur</strong></span> <span class='ocrx_word' id='word_1_50' title='bbox 1254 1162 1498 1219; x_wconf 87' lang='lat' dir='ltr'>tanquam</span> <span class='ocrx_word' id='word_1_51' title='bbox 1534 1169 1567 1202; x_wconf 88' lang='lat' dir='ltr'>a</span> 
     </span>
     <span class='ocr_line' id='line_1_11' title="bbox 501 1231 1566 1295; baseline -0.001 -16"><span class='ocrx_word' id='word_1_52' title='bbox 501 1238 717 1295; x_wconf 79' lang='lat' dir='ltr'>parente</span> <span class='ocrx_word' id='word_1_53' title='bbox 751 1235 807 1279; x_wconf 92' lang='lat' dir='ltr'>et</span> <span class='ocrx_word' id='word_1_54' title='bbox 830 1231 1106 1295; x_wconf 81' lang='lat' dir='ltr'>magistr03</span> <span class='ocrx_word' id='word_1_55' title='bbox 1142 1231 1286 1294; x_wconf 81' lang='lat' dir='ltr'>hujus</span> <span class='ocrx_word' id='word_1_56' title='bbox 1320 1236 1566 1293; x_wconf 84' lang='lat' dir='ltr'>respectu</span> 
     </span>
     <span class='ocr_line' id='line_1_12' title="bbox 503 1304 1569 1367; baseline -0.002 -9"><span class='ocrx_word' id='word_1_57' title='bbox 503 1313 810 1358; x_wconf 60' lang='lat' dir='ltr'>ceterorum</span> <span class='ocrx_word' id='word_1_58' title='bbox 835 1321 948 1356; x_wconf 84' lang='lat' dir='ltr'>esse</span> <span class='ocrx_word' id='word_1_59' title='bbox 988 1306 1061 1356; x_wconf 89' lang='lat' dir='ltr'>ait</span> <span class='ocrx_word' id='word_1_60' title='bbox 1087 1306 1204 1356; x_wconf 87' lang='lat' dir='ltr'>boni</span> <span class='ocrx_word' id='word_1_61' title='bbox 1239 1306 1508 1355; x_wconf 86' lang='lat' dir='ltr'>consulere</span> <span class='ocrx_word' id='word_1_62' title='bbox 1526 1304 1569 1367; x_wconf 72' lang='grc' dir='ltr'>ε)</span> 
     </span>
     <span class='ocr_line' id='line_1_13' title="bbox 502 1383 1566 1448; baseline -0.002 -16"><span class='ocrx_word' id='word_1_63' title='bbox 502 1383 518 1411; x_wconf 86' lang='lat'>‘</span> <span class='ocrx_word' id='word_1_64' title='bbox 541 1383 679 1448; x_wconf 89' lang='lat' dir='ltr'>quod</span> <span class='ocrx_word' id='word_1_65' title='bbox 704 1384 756 1432; x_wconf 88' lang='lat' dir='ltr'>in</span> <span class='ocrx_word' id='word_1_66' title='bbox 777 1384 972 1433; x_wconf 90' lang='lat' dir='ltr'>nullum</span> <span class='ocrx_word' id='word_1_67' title='bbox 996 1384 1106 1447; x_wconf 81' lang='lat' dir='ltr'>jam</span> <span class='ocrx_word' id='word_1_68' title='bbox 1131 1383 1394 1448; x_wconf 89' lang='lat' dir='ltr'>proprium</span> <span class='ocrx_word' id='word_1_69' title='bbox 1418 1397 1566 1431; x_wconf 85' lang='lat' dir='ltr'>usum</span> 
     </span>
     <span class='ocr_line' id='line_1_14' title="bbox 504 1461 1568 1526; baseline -0.003 -16"><span class='ocrx_word' id='word_1_70' title='bbox 504 1476 913 1526; x_wconf 85' lang='lat' dir='ltr'>perseveramus,</span> <span class='ocrx_word' id='word_1_71' title='bbox 948 1463 1040 1511; x_wconf 88' lang='lat' dir='ltr'>sed</span> <span class='ocrx_word' id='word_1_72' title='bbox 1081 1461 1248 1512; x_wconf 85' lang='lat' dir='ltr'>omnis</span> <span class='ocrx_word' id='word_1_73' title='bbox 1290 1462 1400 1510; x_wconf 75' lang='lat' dir='ltr'>haec</span> <span class='ocrx_word' id='word_1_74' title='bbox 1442 1476 1568 1511; x_wconf 89' lang='lat' dir='ltr'>cura</span> 
     </span>
     <span class='ocr_line' id='line_1_15' title="bbox 504 1537 1569 1603; baseline -0.002 -15"><span class='ocrx_word' id='word_1_75' title='bbox 504 1541 574 1590; x_wconf 86' lang='lat' dir='ltr'>ad</span> <span class='ocrx_word' id='word_1_76' title='bbox 597 1539 809 1603; x_wconf 84' lang='lat' dir='ltr'>alienos,</span> <span class='ocrx_word' id='word_1_77' title='bbox 827 1549 887 1588; x_wconf 89' lang='lat' dir='ltr'>ut</span> <span class='ocrx_word' id='word_1_78' title='bbox 924 1538 1117 1588; x_wconf 70' lang='lat' dir='ltr'>alienis·</span> <span class='ocrx_word' id='word_1_79' title='bbox 1140 1539 1302 1597; x_wconf 86' lang='lat' dir='ltr'>utilis,</span> <span class='ocrx_word' id='word_1_80' title='bbox 1323 1537 1392 1603; x_wconf 87' lang='lat' dir='ltr'>(si</span> <span class='ocrx_word' id='word_1_81' title='bbox 1415 1538 1569 1587; x_wconf 90' lang='lat' dir='ltr'>modo</span> 
     </span>
     <span class='ocr_line' id='line_1_16' title="bbox 504 1614 1570 1680; baseline -0.001 -16"><span class='ocrx_word' id='word_1_82' title='bbox 504 1616 630 1680; x_wconf 87' lang='lat' dir='ltr'>quid</span> <span class='ocrx_word' id='word_1_83' title='bbox 668 1616 795 1666; x_wconf 88' lang='lat' dir='ltr'>utile</span> <span class='ocrx_word' id='word_1_84' title='bbox 829 1614 1143 1679; x_wconf 82' lang='lat' dir='ltr'>scribimus‚)</span> <span class='ocrx_word' id='word_1_85' title='bbox 1177 1621 1406 1678; x_wconf 82' lang='lat' dir='ltr'>spectat.</span> <span class='ocrx_word' id='word_1_86' title='bbox 1457 1615 1570 1665; x_wconf 86' lang='lat' dir='ltr'>Nos</span> 
     </span>
     <span class='ocr_line' id='line_1_17' title="bbox 503 1691 1570 1755; baseline -0.004 -12"><span class='ocrx_word' id='word_1_87' title='bbox 503 1693 684 1743; x_wconf 85' lang='lat' dir='ltr'>miseri</span> <span class='ocrx_word' id='word_1_88' title='bbox 744 1693 881 1744; x_wconf 88' lang='lat' dir='ltr'>sicut</span> <span class='ocrx_word' id='word_1_89' title='bbox 944 1691 1226 1741; x_wconf 80' lang='lat' dir='ltr'><strong>facultates</strong></span> <span class='ocrx_word' id='word_1_90' title='bbox 1272 1691 1570 1755; x_wconf 77' lang='lat' dir='ltr'><strong>patrimonii</strong></span> 
     </span>
    </p>
   </div>
   <div class='ocr_carea' id='block_1_3' title="bbox 504 1767 1586 1831">
    <p class='ocr_par' dir='ltr' id='par_1_3' title="bbox 504 1767 1586 1831">
     <span class='ocr_line' id='line_1_18' title="bbox 504 1767 1586 1831; baseline -0.005 -12"><span class='ocrx_word' id='word_1_91' title='bbox 504 1770 692 1831; x_wconf 78' lang='lat' dir='ltr'>nostri,</span> <span class='ocrx_word' id='word_1_92' title='bbox 713 1769 788 1818; x_wconf 82' lang='lat' dir='ltr'>ita</span> <span class='ocrx_word' id='word_1_93' title='bbox 823 1769 919 1817; x_wconf 87' lang='lat' dir='ltr'>hoc</span> <span class='ocrx_word' id='word_1_94' title='bbox 941 1782 1088 1831; x_wconf 86' lang='lat' dir='ltr'>opus,</span> <span class='ocrx_word' id='word_1_95' title='bbox 1122 1768 1231 1817; x_wconf 89' lang='lat' dir='ltr'>aliis</span> <span class='ocrx_word' id='word_1_96' title='bbox 1258 1767 1586 1831; x_wconf 62' lang='lat' dir='ltr'>praeparavi--</span> 
     </span>
    </p>
   </div>
   <div class='ocr_carea' id='block_1_4' title="bbox 504 1843 1574 2372">
    <p class='ocr_par' dir='ltr' id='par_1_4' title="bbox 504 1843 1574 2372">
     <span class='ocr_line' id='line_1_19' title="bbox 504 1843 1568 1910; baseline -0.004 -14"><span class='ocrx_word' id='word_1_97' title='bbox 504 1860 646 1897; x_wconf 88' lang='lat' dir='ltr'>mus:</span> <span class='ocrx_word' id='word_1_98' title='bbox 673 1847 786 1895; x_wconf 86' lang='lat' dir='ltr'>aliis</span> <span class='ocrx_word' id='word_1_99' title='bbox 807 1846 1154 1910; x_wconf 79' lang='lat' dir='ltr'>relinquemus</span> <span class='ocrx_word' id='word_1_100' title='bbox 1173 1844 1203 1893; x_wconf 71' lang='grc' dir='ltr'>ι’</span> <span class='ocrx_word' id='word_1_101' title='bbox 1236 1845 1309 1894; x_wconf 86' lang='lat' dir='ltr'>ita</span> <span class='ocrx_word' id='word_1_102' title='bbox 1332 1843 1568 1907; x_wconf 80' lang='lat' dir='ltr'>scripsit;</span> 
     </span>
     <span class='ocr_line' id='line_1_20' title="bbox 508 1918 1573 1991; baseline -0.006 -17"><span class='ocrx_word' id='word_1_103' title='bbox 508 1939 610 1974; x_wconf 87' lang='lat' dir='ltr'>non</span> <span class='ocrx_word' id='word_1_104' title='bbox 628 1938 984 1991; x_wconf 49' lang='lat' dir='ltr'>pupparum-s,-</span> <span class='ocrx_word' id='word_1_105' title='bbox 1007 1921 1116 1986; x_wconf 84' lang='lat' dir='ltr'>jam</span> <span class='ocrx_word' id='word_1_106' title='bbox 1139 1921 1275 1970; x_wconf 87' lang='lat' dir='ltr'>enim</span> <span class='ocrx_word' id='word_1_107' title='bbox 1295 1918 1402 1969; x_wconf 84' lang='lat' dir='ltr'>fato</span> <span class='ocrx_word' id='word_1_108' title='bbox 1424 1919 1573 1969; x_wconf 78' lang='lat' dir='ltr'>func-</span> 
     </span>
     <span class='ocr_line' id='line_1_21' title="bbox 506 1997 1571 2061; baseline -0.004 -11"><span class='ocrx_word' id='word_1_109' title='bbox 506 2007 564 2050; x_wconf 90' lang='lat' dir='ltr'>to</span> <span class='ocrx_word' id='word_1_110' title='bbox 597 1999 706 2049; x_wconf 86' lang='lat' dir='ltr'>filio</span> <span class='ocrx_word' id='word_1_111' title='bbox 759 2014 859 2048; x_wconf 87' lang='lat' dir='ltr'>non</span> <span class='ocrx_word' id='word_1_112' title='bbox 899 2004 1108 2061; x_wconf 87' lang='lat' dir='ltr'>poterat</span> <span class='ocrx_word' id='word_1_113' title='bbox 1144 1997 1319 2047; x_wconf 84' lang='lat' dir='ltr'>dicere</span> <span class='ocrx_word' id='word_1_114' title='bbox 1360 2012 1414 2046; x_wconf 88' lang='lat' dir='ltr'>se</span> <span class='ocrx_word' id='word_1_115' title='bbox 1455 1997 1571 2046; x_wconf 89' lang='lat' dir='ltr'>aliis</span> 
     </span>
     <span class='ocr_line' id='line_1_22' title="bbox 507 2072 1573 2142; baseline -0.005 -15"><span class='ocrx_word' id='word_1_116' title='bbox 507 2091 824 2142; x_wconf 68' lang='lat' dir='ltr'>praeparare,</span> <span class='ocrx_word' id='word_1_117' title='bbox 869 2075 981 2127; x_wconf 85' lang='lat' dir='ltr'>aliis</span> <span class='ocrx_word' id='word_1_118' title='bbox 1023 2074 1346 2125; x_wconf 82' lang='lat' dir='ltr'>relicturum.</span> <span class='ocrx_word' id='word_1_119' title='bbox 1409 2072 1573 2124; x_wconf 86' lang='lat' dir='ltr'>Janus</span> 
     </span>
     <span class='ocr_line' id='line_1_23' title="bbox 507 2151 1574 2216; baseline -0.004 -13"><span class='ocrx_word' id='word_1_120' title='bbox 507 2154 792 2203; x_wconf 72' lang='lat' dir='ltr'>Gulielmius</span> <span class='ocrx_word' id='word_1_121' title='bbox 831 2152 1042 2202; x_wconf 80' lang='lat' dir='ltr'>volebat</span> <span class='ocrx_word' id='word_1_122' title='bbox 1070 2151 1466 2216; x_wconf 74' lang='lat' dir='ltr'>properabamus;</span> <span class='ocrx_word' id='word_1_123' title='bbox 1499 2151 1574 2200; x_wconf 85' lang='lat' dir='ltr'>ait</span> 
     </span>
     <span class='ocr_line' id='line_1_24' title="bbox 509 2230 1573 2296; baseline -0.002 -15"><span class='ocrx_word' id='word_1_124' title='bbox 509 2233 647 2282; x_wconf 89' lang='lat' dir='ltr'>enim</span> <span class='ocrx_word' id='word_1_125' title='bbox 670 2247 828 2296; x_wconf 86' lang='lat' dir='ltr'>supra</span> <span class='ocrx_word' id='word_1_126' title='bbox 850 2246 905 2281; x_wconf 89' lang='lat' dir='ltr'>se</span> <span class='ocrx_word' id='word_1_127' title='bbox 931 2230 1203 2281; x_wconf 79' lang='lat' dir='ltr'>festinasse</span> <span class='ocrx_word' id='word_1_128' title='bbox 1247 2239 1388 2280; x_wconf 78' lang='lat' dir='ltr'>metu</span> <span class='ocrx_word' id='word_1_129' title='bbox 1442 2245 1573 2280; x_wconf 58' lang='lat' dir='ltr'>mor»-</span> 
     </span>
     <span class='ocr_line' id='line_1_25' title="bbox 510 2306 1573 2372; baseline -0.003 -14"><span class='ocrx_word' id='word_1_130' title='bbox 510 2309 732 2359; x_wconf 88' lang='lat' dir='ltr'>talitatis</span> <span class='ocrx_word' id='word_1_131' title='bbox 747 2323 871 2358; x_wconf 81' lang='lat' dir='ltr'>suae.</span> <span class='ocrx_word' id='word_1_132' title='bbox 932 2306 1033 2357; x_wconf 87' lang='lat' dir='ltr'>Sed</span> <span class='ocrx_word' id='word_1_133' title='bbox 1051 2308 1147 2356; x_wconf 87' lang='lat' dir='ltr'>hoc</span> <span class='ocrx_word' id='word_1_134' title='bbox 1164 2307 1327 2356; x_wconf 89' lang='lat' dir='ltr'>minus</span> <span class='ocrx_word' id='word_1_135' title='bbox 1351 2307 1573 2372; x_wconf 89' lang='lat' dir='ltr'>quadrat</span> 
     </span>
    </p>
   </div>
   <div class='ocr_carea' id='block_1_5' title="bbox 415 2382 1573 2449">
    <p class='ocr_par' dir='ltr' id='par_1_5' title="bbox 415 2382 1573 2449">
     <span class='ocr_line' id='line_1_26' title="bbox 415 2382 1573 2449; baseline -0.003 -11"><span class='ocrx_word' id='word_1_136' title='bbox 415 2432 418 2438; x_wconf 17' lang='grc' dir='ltr'><strong>Α</strong></span> <span class='ocrx_word' id='word_1_137' title='bbox 507 2384 655 2447; x_wconf 87' lang='lat' dir='ltr'>inid,</span> <span class='ocrx_word' id='word_1_138' title='bbox 683 2384 821 2449; x_wconf 88' lang='lat' dir='ltr'>quod</span> <span class='ocrx_word' id='word_1_139' title='bbox 846 2384 1116 2449; x_wconf 73' lang='lat' dir='ltr'>praecessit</span> <span class='ocrx_word' id='word_1_140' title='bbox 1138 2385 1205 2434; x_wconf 88' lang='lat' dir='ltr'>de</span> <span class='ocrx_word' id='word_1_141' title='bbox 1238 2382 1573 2434; x_wconf 73' lang='lat' dir='ltr'>&#39;facultatibus</span> 
     </span>
    </p>
   </div>
   <div class='ocr_carea' id='block_1_6' title="bbox 498 2458 1580 3215">
    <p class='ocr_par' dir='ltr' id='par_1_6' title="bbox 509 2458 1177 2526">
     <span class='ocr_line' id='line_1_27' title="bbox 509 2458 1177 2526; baseline 0.003 -17"><span class='ocrx_word' id='word_1_142' title='bbox 509 2460 826 2526; x_wconf 75' lang='lat' dir='ltr'>patrimonii.</span> <span class='ocrx_word' id='word_1_143' title='bbox 873 2460 1123 2511; x_wconf 62' lang='lat' dir='ltr'>schelius.</span> <span class='ocrx_word' id='word_1_144' title='bbox 1172 2458 1177 2461; x_wconf 66' lang='grc'>’</span> 
     </span>
    </p>

    <p class='ocr_par' dir='ltr' id='par_1_7' title="bbox 498 2537 1580 3215">
     <span class='ocr_line' id='line_1_28' title="bbox 498 2537 1575 2600; baseline 0.001 -14"><span class='ocrx_word' id='word_1_145' title='bbox 498 2594 504 2599; x_wconf 51' lang='grc'><strong>,</strong></span> <span class='ocrx_word' id='word_1_146' title='bbox 575 2537 638 2587; x_wconf 75' lang='lat' dir='ltr'>In</span> <span class='ocrx_word' id='word_1_147' title='bbox 674 2551 863 2586; x_wconf 70' lang='lat' dir='ltr'>nemora</span> <span class='ocrx_word' id='word_1_148' title='bbox 901 2542 948 2586; x_wconf 82' lang='lat' dir='ltr'>et</span> <span class='ocrx_word' id='word_1_149' title='bbox 974 2538 1120 2600; x_wconf 75' lang='lat' dir='ltr'>lucos,</span> <span class='ocrx_word' id='word_1_150' title='bbox 1162 2537 1215 2587; x_wconf 74' lang='lat' dir='ltr'>id</span> <span class='ocrx_word' id='word_1_151' title='bbox 1249 2538 1575 2600; x_wconf 77' lang='lat' dir='ltr'>est,so!i1udi·</span> 
     </span>
     <span class='ocr_line' id='line_1_29' title="bbox 507 2614 1575 2676; baseline 0 -12"><span class='ocrx_word' id='word_1_152' title='bbox 507 2629 634 2674; x_wconf 73' lang='lat' dir='ltr'>nem,</span> <span class='ocrx_word' id='word_1_153' title='bbox 650 2614 975 2676; x_wconf 74' lang='lat' dir='ltr'>recedendum]</span> <span class='ocrx_word' id='word_1_154' title='bbox 997 2615 1027 2644; x_wconf 75' lang='lat'>⁴⁸</span> <span class='ocrx_word' id='word_1_155' title='bbox 1042 2615 1327 2665; x_wconf 88' lang='lat' dir='ltr'>studiorum</span> <span class='ocrx_word' id='word_1_156' title='bbox 1342 2630 1575 2665; x_wconf 87' lang='lat' dir='ltr'>secessus</span> 
     </span>
     <span class='ocr_line' id='line_1_30' title="bbox 507 2691 1578 2755; baseline -0.003 -12"><span class='ocrx_word' id='word_1_157' title='bbox 507 2691 782 2743; x_wconf 65' lang='lat' dir='ltr'>excurrit!</span> <span class='ocrx_word' id='word_1_158' title='bbox 816 2692 1132 2755; x_wconf 88' lang='lat' dir='ltr'>Corruptum</span> <span class='ocrx_word' id='word_1_159' title='bbox 1156 2693 1254 2742; x_wconf 85' lang='lat' dir='ltr'>hoc</span> <span class='ocrx_word' id='word_1_160' title='bbox 1276 2692 1445 2755; x_wconf 87' lang='lat' dir='ltr'>ipsum</span> <span class='ocrx_word' id='word_1_161' title='bbox 1467 2707 1578 2741; x_wconf 86' lang='lat' dir='ltr'>ver-</span> 
     </span>
     <span class='ocr_line' id='line_1_31' title="bbox 511 2767 1580 2832; baseline -0.001 -13"><span class='ocrx_word' id='word_1_162' title='bbox 511 2767 635 2819; x_wconf 84' lang='lat' dir='ltr'>bum</span> <span class='ocrx_word' id='word_1_163' title='bbox 674 2767 814 2832; x_wconf 86' lang='lat' dir='ltr'>apud</span> <span class='ocrx_word' id='word_1_164' title='bbox 848 2768 1064 2818; x_wconf 87' lang='lat' dir='ltr'>Fabium</span> <span class='ocrx_word' id='word_1_165' title='bbox 1089 2769 1224 2819; x_wconf 86' lang='lat' dir='ltr'>in-x.</span> <span class='ocrx_word' id='word_1_166' title='bbox 1246 2783 1295 2818; x_wconf 85' lang='lat' dir='ltr'>e.</span> <span class='ocrx_word' id='word_1_167' title='bbox 1321 2773 1369 2817; x_wconf 90' lang='lat'>1.</span> <span class='ocrx_word' id='word_1_168' title='bbox 1405 2771 1422 2796; x_wconf 76' lang='lat'><strong><em>⁶</em></strong></span> <span class='ocrx_word' id='word_1_169' title='bbox 1449 2769 1580 2819; x_wconf 83' lang='lat' dir='ltr'>Ger·</span> 
     </span>
     <span class='ocr_line' id='line_1_32' title="bbox 506 2843 1579 2915; baseline 0.001 -21"><span class='ocrx_word' id='word_1_170' title='bbox 506 2844 769 2915; x_wconf 77' lang='lat' dir='ltr'>manicam</span> <span class='ocrx_word' id='word_1_171' title='bbox 800 2843 1092 2908; x_wconf 79' lang='lat' dir='ltr'>Augustum</span> <span class='ocrx_word' id='word_1_172' title='bbox 1114 2845 1179 2894; x_wconf 90' lang='lat' dir='ltr'>ab</span> <span class='ocrx_word' id='word_1_173' title='bbox 1198 2845 1452 2895; x_wconf 83' lang='lat' dir='ltr'>institutis</span> <span class='ocrx_word' id='word_1_174' title='bbox 1473 2852 1579 2895; x_wconf 88' lang='lat' dir='ltr'>stu·</span> 
     </span>
     <span class='ocr_line' id='line_1_33' title="bbox 513 2912 1580 2987; baseline 0.003 -19"><span class='ocrx_word' id='word_1_175' title='bbox 513 2919 613 2970; x_wconf 87' lang='lat' dir='ltr'>diis</span> <span class='ocrx_word' id='word_1_176' title='bbox 636 2912 986 2977; x_wconf 54' lang='lat' dir='ltr'>deflexit&#39;cura</span> <span class='ocrx_word' id='word_1_177' title='bbox 1000 2930 1252 2973; x_wconf 88' lang='lat' dir='ltr'>terrarum</span> <span class='ocrx_word' id='word_1_178' title='bbox 1268 2937 1580 2987; x_wconf 62' lang='lat' dir='ltr'>uvarumque</span> 
     </span>
     <span class='ocr_line' id='line_1_34' title="bbox 514 2995 1579 3047; baseline 0 0"><span class='ocrx_word' id='word_1_179' title='bbox 514 2995 614 3047; x_wconf 80' lang='lat' dir='ltr'>diis</span> <span class='ocrx_word' id='word_1_180' title='bbox 658 2998 823 3047; x_wconf 86' lang='lat' dir='ltr'>visum</span> <span class='ocrx_word' id='word_1_181' title='bbox 872 3005 955 3046; x_wconf 80' lang='lat' dir='ltr'>est</span> <span class='ocrx_word' id='word_1_182' title='bbox 999 3012 1114 3047; x_wconf 86' lang='lat' dir='ltr'>esse</span> <span class='ocrx_word' id='word_1_183' title='bbox 1148 3013 1264 3047; x_wconf 88' lang='lat' dir='ltr'>eum</span> <span class='ocrx_word' id='word_1_184' title='bbox 1305 2999 1579 3047; x_wconf 85' lang='lat' dir='ltr'>maximum</span> 
     </span>
     <span class='ocr_line' id='line_1_35' title="bbox 512 3071 1579 3139; baseline 0.003 -19"><span class='ocrx_word' id='word_1_185' title='bbox 512 3071 803 3136; x_wconf 70' lang='lat' dir='ltr'>poetarum.</span> <span class='ocrx_word' id='word_1_186' title='bbox 872 3073 1012 3124; x_wconf 83' lang='lat' dir='ltr'>Quid</span> <span class='ocrx_word' id='word_1_187' title='bbox 1038 3082 1211 3123; x_wconf 86' lang='lat' dir='ltr'>tamen</span> <span class='ocrx_word' id='word_1_188' title='bbox 1236 3075 1298 3124; x_wconf 86' lang='lat' dir='ltr'>iis</span> <span class='ocrx_word' id='word_1_189' title='bbox 1322 3075 1446 3139; x_wconf 84' lang='lat' dir='ltr'>ipsis</span> <span class='ocrx_word' id='word_1_190' title='bbox 1463 3076 1579 3139; x_wconf 85' lang='lat' dir='ltr'>ejus</span> 
     </span>
     <span class='ocr_line' id='line_1_36' title="bbox 504 3149 1579 3215; baseline -0.001 -14"><span class='ocrx_word' id='word_1_191' title='bbox 504 3149 763 3212; x_wconf 72' lang='lat' dir='ltr'>operibus</span> <span class='ocrx_word' id='word_1_192' title='bbox 802 3151 854 3198; x_wconf 89' lang='lat' dir='ltr'>in</span> <span class='ocrx_word' id='word_1_193' title='bbox 893 3165 1009 3214; x_wconf 85' lang='lat' dir='ltr'>quae</span> <span class='ocrx_word' id='word_1_194' title='bbox 1045 3150 1267 3200; x_wconf 87' lang='lat' dir='ltr'>donatus</span> <span class='ocrx_word' id='word_1_195' title='bbox 1306 3153 1526 3215; x_wconf 86' lang='lat' dir='ltr'>imperio</span> <span class='ocrx_word' id='word_1_196' title='bbox 1546 3150 1579 3200; x_wconf 73' lang='grc' dir='ltr'>ε’</span> 
     </span>
    </p>
   </div>
   <div class='ocr_carea' id='block_1_7' title="bbox 510 3225 1583 3292">
    <p class='ocr_par' dir='ltr' id='par_1_8' title="bbox 510 3225 1583 3292">
     <span class='ocr_line' id='line_1_37' title="bbox 510 3225 1583 3292; baseline 0.003 -18"><span class='ocrx_word' id='word_1_197' title='bbox 510 3225 713 3292; x_wconf 87' lang='lat' dir='ltr'>(scribe</span> <span class='ocrx_word' id='word_1_198' title='bbox 733 3228 905 3276; x_wconf 72' lang='lat' dir='ltr'>donato</span> <span class='ocrx_word' id='word_1_199' title='bbox 947 3227 1165 3290; x_wconf 81' lang='lat' dir='ltr'>imperio,</span> <span class='ocrx_word' id='word_1_200' title='bbox 1200 3234 1259 3276; x_wconf 90' lang='lat' dir='ltr'>ut</span> <span class='ocrx_word' id='word_1_201' title='bbox 1281 3228 1456 3277; x_wconf 86' lang='lat' dir='ltr'>monui</span> <span class='ocrx_word' id='word_1_202' title='bbox 1480 3229 1583 3292; x_wconf 89' lang='lat' dir='ltr'>pri-</span> 
     </span>
    </p>
   </div>
   <div class='ocr_carea' id='block_1_8' title="bbox 504 3305 1583 4370">
    <p class='ocr_par' dir='ltr' id='par_1_9' title="bbox 504 3305 1583 4370">
     <span class='ocr_line' id='line_1_38' title="bbox 504 3305 1581 3369; baseline 0 -15"><span class='ocrx_word' id='word_1_203' title='bbox 504 3305 657 3365; x_wconf 66' lang='lat' dir='ltr'>slem,</span> <span class='ocrx_word' id='word_1_204' title='bbox 680 3307 764 3355; x_wconf 83' lang='lat' dir='ltr'>vel</span> <span class='ocrx_word' id='word_1_205' title='bbox 780 3312 918 3355; x_wconf 75' lang='lat' dir='ltr'>notus</span> <span class='ocrx_word' id='word_1_206' title='bbox 954 3306 1213 3369; x_wconf 69' lang='lat' dir='ltr'>imperim)</span> <span class='ocrx_word' id='word_1_207' title='bbox 1239 3307 1253 3331; x_wconf 91' lang='lat'>‘</span> <span class='ocrx_word' id='word_1_208' title='bbox 1270 3305 1480 3368; x_wconf 83' lang='lat' dir='ltr'>juvenis</span> <span class='ocrx_word' id='word_1_209' title='bbox 1503 3320 1581 3354; x_wconf 87' lang='lat' dir='ltr'>se-</span> 
     </span>
     <span class='ocr_line' id='line_1_39' title="bbox 512 3381 1579 3446; baseline 0.001 -15"><span class='ocrx_word' id='word_1_210' title='bbox 512 3381 780 3442; x_wconf 81' lang='lat' dir='ltr'>cesserat,&#39;</span> <span class='ocrx_word' id='word_1_211' title='bbox 813 3382 914 3446; x_wconf 85' lang='lat' dir='ltr'>(ita</span> <span class='ocrx_word' id='word_1_212' title='bbox 932 3381 1388 3445; x_wconf 80' lang='lat' dir='ltr'>enimlegendum:</span> <span class='ocrx_word' id='word_1_213' title='bbox 1428 3382 1579 3444; x_wconf 85' lang='lat' dir='ltr'>vulgo</span> 
     </span>
     <span class='ocr_line' id='line_1_40' title="bbox 510 3456 1582 3521; baseline 0.003 -15"><span class='ocrx_word' id='word_1_214' title='bbox 510 3456 856 3518; x_wconf 43' lang='lat' dir='ltr'>successerat&amp;</span> <span class='ocrx_word' id='word_1_215' title='bbox 892 3459 906 3485; x_wconf 93' lang='lat'>‘</span> <span class='ocrx_word' id='word_1_216' title='bbox 931 3459 1216 3518; x_wconf 83' lang='lat' dir='ltr'>sublimius,</span> <span class='ocrx_word' id='word_1_217' title='bbox 1237 3456 1455 3521; x_wconf 85' lang='lat' dir='ltr'>doctius,</span> <span class='ocrx_word' id='word_1_218' title='bbox 1477 3472 1582 3509; x_wconf 88' lang='lat' dir='ltr'>om-</span> 
     </span>
     <span class='ocr_line' id='line_1_41' title="bbox 514 3532 1581 3599; baseline -0.001 -15"><span class='ocrx_word' id='word_1_219' title='bbox 514 3534 667 3585; x_wconf 82' lang='lat' dir='ltr'>nibus</span> <span class='ocrx_word' id='word_1_220' title='bbox 690 3534 915 3599; x_wconf 88' lang='lat' dir='ltr'>denique</span> <span class='ocrx_word' id='word_1_221' title='bbox 940 3535 1164 3584; x_wconf 88' lang='lat' dir='ltr'>numeris</span> <span class='ocrx_word' id='word_1_222' title='bbox 1200 3536 1531 3598; x_wconf 81' lang='lat' dir='ltr'>praestantius</span> <span class='ocrx_word' id='word_1_223' title='bbox 1546 3532 1581 3583; x_wconf 82' lang='lat'>?&#39;</span> 
     </span>
     <span class='ocr_line' id='line_1_42' title="bbox 517 3611 1581 3676; baseline 0 -16"><span class='ocrx_word' id='word_1_224' title='bbox 517 3611 748 3660; x_wconf 78' lang='lat' dir='ltr'>Recessus</span> <span class='ocrx_word' id='word_1_225' title='bbox 770 3619 942 3660; x_wconf 87' lang='lat' dir='ltr'>tamen</span> <span class='ocrx_word' id='word_1_226' title='bbox 980 3620 1036 3659; x_wconf 90' lang='lat' dir='ltr'>et</span> <span class='ocrx_word' id='word_1_227' title='bbox 1068 3626 1271 3660; x_wconf 76' lang='lat' dir='ltr'>secessus</span> <span class='ocrx_word' id='word_1_228' title='bbox 1302 3611 1581 3676; x_wconf 87' lang='lat' dir='ltr'>aliquando</span> 
     </span>
     <span class='ocr_line' id='line_1_43' title="bbox 513 3687 1583 3750; baseline -0.001 -12"><span class='ocrx_word' id='word_1_229' title='bbox 513 3702 551 3738; x_wconf 72' lang='lat' dir='ltr'>a</span> <span class='ocrx_word' id='word_1_230' title='bbox 572 3688 835 3739; x_wconf 85' lang='lat' dir='ltr'>veteribus</span> <span class='ocrx_word' id='word_1_231' title='bbox 860 3687 1105 3737; x_wconf 85' lang='lat' dir='ltr'>confundi</span> <span class='ocrx_word' id='word_1_232' title='bbox 1129 3689 1395 3750; x_wconf 86' lang='lat' dir='ltr'>videntur,</span> <span class='ocrx_word' id='word_1_233' title='bbox 1415 3696 1474 3739; x_wconf 90' lang='lat' dir='ltr'>ut</span> <span class='ocrx_word' id='word_1_234' title='bbox 1492 3689 1583 3738; x_wconf 87' lang='lat' dir='ltr'>ali-</span> 
     </span>
     <span class='ocr_line' id='line_1_44' title="bbox 517 3758 1583 3828; baseline -0.001 -12"><span class='ocrx_word' id='word_1_235' title='bbox 517 3758 581 3816; x_wconf 79' lang='lat' dir='ltr'>bi‘</span> <span class='ocrx_word' id='word_1_236' title='bbox 595 3765 933 3816; x_wconf 85' lang='lat' dir='ltr'>ostendimus.</span> <span class='ocrx_word' id='word_1_237' title='bbox 1003 3763 1160 3828; x_wconf 85' lang='lat' dir='ltr'>Apud</span> <span class='ocrx_word' id='word_1_238' title='bbox 1198 3766 1436 3815; x_wconf 86' lang='lat' dir='ltr'>Tacitum</span> <span class='ocrx_word' id='word_1_239' title='bbox 1480 3767 1583 3815; x_wconf 80' lang='lat' dir='ltr'>liis-</span> 
     </span>
     <span class='ocr_line' id='line_1_45' title="bbox 516 3842 1581 3906; baseline 0.001 -15"><span class='ocrx_word' id='word_1_240' title='bbox 516 3842 770 3897; x_wconf 86' lang='lat' dir='ltr'>toriarum</span> <span class='ocrx_word' id='word_1_241' title='bbox 815 3842 997 3906; x_wconf 78' lang='lat' dir='ltr'>primo,</span> <span class='ocrx_word' id='word_1_242' title='bbox 1036 3844 1264 3904; x_wconf 66' lang='lat' dir='ltr'>repositus</span> <span class='ocrx_word' id='word_1_243' title='bbox 1303 3842 1461 3891; x_wconf 77' lang='lat' dir='ltr'>etiam</span> <span class='ocrx_word' id='word_1_244' title='bbox 1486 3857 1581 3905; x_wconf 88' lang='lat' dir='ltr'>pro</span> 
     </span>
     <span class='ocr_line' id='line_1_46' title="bbox 517 3917 1583 3985; baseline 0 -18"><span class='ocrx_word' id='word_1_245' title='bbox 517 3919 777 3985; x_wconf 68' lang='lat' dir='ltr'>sepositus:</span> <span class='ocrx_word' id='word_1_246' title='bbox 800 3918 885 3966; x_wconf 89' lang='lat' dir='ltr'>ubi</span> <span class='ocrx_word' id='word_1_247' title='bbox 910 3917 977 3966; x_wconf 89' lang='lat' dir='ltr'>de</span> <span class='ocrx_word' id='word_1_248' title='bbox 1000 3918 1274 3967; x_wconf 85' lang='lat' dir='ltr'>Muciano:</span> <span class='ocrx_word' id='word_1_249' title='bbox 1309 3919 1324 3944; x_wconf 88' lang='lat'>‘</span> <span class='ocrx_word' id='word_1_250' title='bbox 1341 3917 1583 3981; x_wconf 84' lang='lat' dir='ltr'>Insignes</span> 
     </span>
     <span class='ocr_line' id='line_1_47' title="bbox 520 3996 1582 4061; baseline -0.002 -13"><span class='ocrx_word' id='word_1_251' title='bbox 520 3998 773 4048; x_wconf 79' lang='lat' dir='ltr'>amicitias</span> <span class='ocrx_word' id='word_1_252' title='bbox 808 3997 1017 4060; x_wconf 87' lang='lat' dir='ltr'>juvenis</span> <span class='ocrx_word' id='word_1_253' title='bbox 1037 3996 1307 4047; x_wconf 80' lang='lat' dir='ltr'>ambitiose</span> <span class='ocrx_word' id='word_1_254' title='bbox 1330 3997 1582 4061; x_wconf 79' lang='lat' dir='ltr'>coluerat,</span> 
     </span>
     <span class='ocr_line' id='line_1_48' title="bbox 518 4073 1583 4136; baseline -0.001 -12"><span class='ocrx_word' id='word_1_255' title='bbox 518 4089 642 4124; x_wconf 79' lang='lat' dir='ltr'>mox</span> <span class='ocrx_word' id='word_1_256' title='bbox 660 4074 857 4123; x_wconf 77' lang='lat' dir='ltr'>attritis</span> <span class='ocrx_word' id='word_1_257' title='bbox 873 4073 1055 4136; x_wconf 82' lang='lat' dir='ltr'>opibus</span> <span class='ocrx_word' id='word_1_258' title='bbox 1076 4074 1274 4122; x_wconf 85' lang='lat' dir='ltr'>lubrico</span> <span class='ocrx_word' id='word_1_259' title='bbox 1297 4081 1456 4136; x_wconf 87' lang='lat' dir='ltr'>statu,</span> <span class='ocrx_word' id='word_1_260' title='bbox 1477 4090 1583 4124; x_wconf 85' lang='lat' dir='ltr'>sus·</span> 
     </span>
     <span class='ocr_line' id='line_1_49' title="bbox 520 4149 1583 4216; baseline -0.001 -15"><span class='ocrx_word' id='word_1_261' title='bbox 520 4158 680 4216; x_wconf 85' lang='lat' dir='ltr'>pecta</span> <span class='ocrx_word' id='word_1_262' title='bbox 710 4151 869 4198; x_wconf 86' lang='lat' dir='ltr'>etiam</span> <span class='ocrx_word' id='word_1_263' title='bbox 888 4149 1086 4199; x_wconf 78' lang='lat' dir='ltr'>Claudii</span> <span class='ocrx_word' id='word_1_264' title='bbox 1126 4150 1407 4214; x_wconf 73' lang='lat' dir='ltr'>iracundia,</span> <span class='ocrx_word' id='word_1_265' title='bbox 1426 4152 1480 4200; x_wconf 88' lang='lat' dir='ltr'>in</span> <span class='ocrx_word' id='word_1_266' title='bbox 1503 4167 1583 4200; x_wconf 85' lang='lat' dir='ltr'>se·</span> 
     </span>
     <span class='ocr_line' id='line_1_50' title="bbox 520 4225 1583 4292; baseline 0.001 -16"><span class='ocrx_word' id='word_1_267' title='bbox 520 4233 723 4276; x_wconf 84' lang='lat' dir='ltr'>cretum</span> <span class='ocrx_word' id='word_1_268' title='bbox 747 4225 883 4274; x_wconf 84' lang='lat' dir='ltr'>Asiae</span> <span class='ocrx_word' id='word_1_269' title='bbox 921 4226 1178 4290; x_wconf 86' lang='lat' dir='ltr'>repositus</span> <span class='ocrx_word' id='word_1_270' title='bbox 1202 4235 1308 4277; x_wconf 85' lang='lat' dir='ltr'>tam</span> <span class='ocrx_word' id='word_1_271' title='bbox 1330 4242 1495 4292; x_wconf 84' lang='lat' dir='ltr'>prope</span> <span class='ocrx_word' id='word_1_272' title='bbox 1517 4227 1583 4277; x_wconf 84' lang='lat' dir='ltr'>ab</span> 
     </span>
     <span class='ocr_line' id='line_1_51' title="bbox 522 4303 1583 4370; baseline 0.002 -14"><span class='ocrx_word' id='word_1_273' title='bbox 522 4305 680 4361; x_wconf 78' lang='lat' dir='ltr'>exule</span> <span class='ocrx_word' id='word_1_274' title='bbox 717 4303 817 4354; x_wconf 85' lang='lat' dir='ltr'>fuit</span> <span class='ocrx_word' id='word_1_275' title='bbox 852 4319 1005 4370; x_wconf 77' lang='lat' dir='ltr'>quam</span> <span class='ocrx_word' id='word_1_276' title='bbox 1038 4311 1222 4370; x_wconf 83' lang='lat' dir='ltr'>postea</span> <span class='ocrx_word' id='word_1_277' title='bbox 1244 4320 1276 4355; x_wconf 86' lang='lat' dir='ltr'>a</span> <span class='ocrx_word' id='word_1_278' title='bbox 1308 4304 1583 4370; x_wconf 54' lang='lat' dir='ltr'>principe?</span> 
     </span>
    </p>
   </div>
   <div class='ocr_carea' id='block_1_9' title="bbox 1199 388 1999 443">
    <p class='ocr_par' dir='ltr' id='par_1_10' title="bbox 1199 388 1999 443">
     <span class='ocr_line' id='line_1_52' title="bbox 1199 388 1999 443; baseline -0.003 0"><span class='ocrx_word' id='word_1_279' title='bbox 1199 388 1411 443; x_wconf 57' lang='lat' dir='ltr'><strong>1⁵¹0?AE</strong></span> <span class='ocrx_word' id='word_1_280' title='bbox 1458 391 1867 442; x_wconf 76' lang='lat' dir='ltr'>VARIORUM</span> <span class='ocrx_word' id='word_1_281' title='bbox 1917 392 1999 441; x_wconf 81' lang='lat' dir='ltr'>IN</span> 
     </span>
    </p>
   </div>
   <div class='ocr_carea' id='block_1_10' title="bbox 1635 522 2757 3142">
    <p class='ocr_par' dir='ltr' id='par_1_11' title="bbox 1635 522 2707 1278">
     <span class='ocr_line' id='line_1_53' title="bbox 1639 522 2702 601; baseline 0.001 -15"><span class='ocrx_word' id='word_1_282' title='bbox 1639 535 2300 601; x_wconf 53' lang='lat' dir='ltr'>laegefiuquamsteposiius,</span> <span class='ocrx_word' id='word_1_283' title='bbox 2323 541 2384 586; x_wconf 80' lang='lat' dir='ltr'>ut</span> <span class='ocrx_word' id='word_1_284' title='bbox 2419 534 2538 586; x_wconf 84' lang='lat' dir='ltr'>fere</span> <span class='ocrx_word' id='word_1_285' title='bbox 2561 537 2612 586; x_wconf 88' lang='lat' dir='ltr'>in</span> <span class='ocrx_word' id='word_1_286' title='bbox 2641 522 2702 587; x_wconf 77' lang='lat' dir='ltr'>re</span> 
     </span>
     <span class='ocr_line' id='line_1_54' title="bbox 1636 613 2707 678; baseline 0.002 -17"><span class='ocrx_word' id='word_1_287' title='bbox 1636 614 1786 662; x_wconf 83' lang='lat' dir='ltr'>simili</span> <span class='ocrx_word' id='word_1_288' title='bbox 1824 613 1959 662; x_wconf 84' lang='lat' dir='ltr'>dixit</span> <span class='ocrx_word' id='word_1_289' title='bbox 2001 613 2098 662; x_wconf 87' lang='lat' dir='ltr'>hoc</span> <span class='ocrx_word' id='word_1_290' title='bbox 2123 614 2236 676; x_wconf 85' lang='lat' dir='ltr'>ipso</span> <span class='ocrx_word' id='word_1_291' title='bbox 2275 614 2440 663; x_wconf 85' lang='lat' dir='ltr'>libro:</span> <span class='ocrx_word' id='word_1_292' title='bbox 2473 617 2490 644; x_wconf 80' lang='lat'>⁴</span> <span class='ocrx_word' id='word_1_293' title='bbox 2515 615 2707 678; x_wconf 79' lang='lat' dir='ltr'>Specie</span> 
     </span>
     <span class='ocr_line' id='line_1_55' title="bbox 1635 689 2704 754; baseline 0.002 -16"><span class='ocrx_word' id='word_1_294' title='bbox 1635 689 1906 752; x_wconf 77' lang='lat' dir='ltr'>legationis</span> <span class='ocrx_word' id='word_1_295' title='bbox 1920 690 2157 752; x_wconf 77' lang='lat' dir='ltr'>seposuit</span> <span class='ocrx_word' id='word_1_296' title='bbox 2174 689 2208 736; x_wconf 84' lang='lat'>:&#39;</span> <span class='ocrx_word' id='word_1_297' title='bbox 2241 690 2386 750; x_wconf 85' lang='lat' dir='ltr'>item,</span> <span class='ocrx_word' id='word_1_298' title='bbox 2401 692 2418 717; x_wconf 75' lang='lat'><strong><em>⁶</em></strong></span> <span class='ocrx_word' id='word_1_299' title='bbox 2430 692 2704 754; x_wconf 77' lang='lat' dir='ltr'>Tanquam</span> 
     </span>
     <span class='ocr_line' id='line_1_56' title="bbox 1636 764 2707 829; baseline 0.001 -14"><span class='ocrx_word' id='word_1_300' title='bbox 1636 766 1688 815; x_wconf 89' lang='lat' dir='ltr'>in</span> <span class='ocrx_word' id='word_1_301' title='bbox 1715 766 1930 817; x_wconf 80' lang='lat' dir='ltr'>insulam</span> <span class='ocrx_word' id='word_1_302' title='bbox 1953 764 2130 829; x_wconf 86' lang='lat' dir='ltr'>Scipio</span> <span class='ocrx_word' id='word_1_303' title='bbox 2152 765 2529 829; x_wconf 86' lang='lat' dir='ltr'>seponeretur.&#39;</span> <span class='ocrx_word' id='word_1_304' title='bbox 2573 766 2707 816; x_wconf 77' lang='lat' dir='ltr'>Rur-</span> 
     </span>
     <span class='ocr_line' id='line_1_57' title="bbox 1637 843 2706 907; baseline -0.001 -15"><span class='ocrx_word' id='word_1_305' title='bbox 1637 859 1738 907; x_wconf 76' lang='lat' dir='ltr'>sus,</span> <span class='ocrx_word' id='word_1_306' title='bbox 1767 845 1784 870; x_wconf 75' lang='lat'><strong><em>⁴</em></strong></span> <span class='ocrx_word' id='word_1_307' title='bbox 1804 843 2071 907; x_wconf 76' lang='lat' dir='ltr'>Sepositus</span> <span class='ocrx_word' id='word_1_308' title='bbox 2110 857 2203 906; x_wconf 85' lang='lat' dir='ltr'>per</span> <span class='ocrx_word' id='word_1_309' title='bbox 2238 857 2327 891; x_wconf 92' lang='lat' dir='ltr'>eos</span> <span class='ocrx_word' id='word_1_310' title='bbox 2366 843 2482 892; x_wconf 81' lang='lat' dir='ltr'>dies</span> <span class='ocrx_word' id='word_1_311' title='bbox 2515 844 2706 893; x_wconf 74' lang='lat' dir='ltr'>Corne·</span> 
     </span>
     <span class='ocr_line' id='line_1_58' title="bbox 1635 920 2705 984; baseline -0.002 -14"><span class='ocrx_word' id='word_1_312' title='bbox 1635 921 1736 970; x_wconf 88' lang='lat' dir='ltr'>lius</span> <span class='ocrx_word' id='word_1_313' title='bbox 1770 920 2041 970; x_wconf 84' lang='lat' dir='ltr'>Dolabella</span> <span class='ocrx_word' id='word_1_314' title='bbox 2081 920 2130 968; x_wconf 87' lang='lat' dir='ltr'>iu</span> <span class='ocrx_word' id='word_1_315' title='bbox 2173 920 2439 968; x_wconf 87' lang='lat' dir='ltr'>Coloniam</span> <span class='ocrx_word' id='word_1_316' title='bbox 2475 920 2705 984; x_wconf 70' lang='lat' dir='ltr'>Aquina-</span> 
     </span>
     <span class='ocr_line' id='line_1_59' title="bbox 1638 997 2705 1061; baseline -0.002 -14"><span class='ocrx_word' id='word_1_317' title='bbox 1638 997 1775 1048; x_wconf 87' lang='lat' dir='ltr'>tem.&#39;</span> <span class='ocrx_word' id='word_1_318' title='bbox 1809 997 1964 1046; x_wconf 86' lang='lat' dir='ltr'>Libro</span> <span class='ocrx_word' id='word_1_319' title='bbox 1987 1010 2047 1047; x_wconf 83' lang='lat' dir='ltr'>n.</span> <span class='ocrx_word' id='word_1_320' title='bbox 2079 999 2095 1025; x_wconf 89' lang='lat'>‘</span> <span class='ocrx_word' id='word_1_321' title='bbox 2117 997 2178 1046; x_wconf 91' lang='lat' dir='ltr'>In</span> <span class='ocrx_word' id='word_1_322' title='bbox 2196 998 2460 1046; x_wconf 84' lang='lat' dir='ltr'>Coloniam</span> <span class='ocrx_word' id='word_1_323' title='bbox 2477 997 2705 1061; x_wconf 78' lang='lat' dir='ltr'>Aquina-</span> 
     </span>
     <span class='ocr_line' id='line_1_60' title="bbox 1639 1074 2707 1138; baseline -0.002 -14"><span class='ocrx_word' id='word_1_324' title='bbox 1639 1081 1744 1124; x_wconf 89' lang='lat' dir='ltr'>tem</span> <span class='ocrx_word' id='word_1_325' title='bbox 1789 1075 2070 1138; x_wconf 84' lang='lat' dir='ltr'>sepositum</span> <span class='ocrx_word' id='word_1_326' title='bbox 2111 1075 2176 1124; x_wconf 85' lang='lat' dir='ltr'>ab</span> <span class='ocrx_word' id='word_1_327' title='bbox 2214 1074 2464 1124; x_wconf 66' lang='lat' dir='ltr'>Othone!</span> <span class='ocrx_word' id='word_1_328' title='bbox 2525 1075 2707 1123; x_wconf 85' lang='lat' dir='ltr'>Sueto·</span> 
     </span>
     <span class='ocr_line' id='line_1_61' title="bbox 1638 1150 2707 1215; baseline -0.002 -15"><span class='ocrx_word' id='word_1_329' title='bbox 1638 1152 1786 1200; x_wconf 83' lang='lat' dir='ltr'>nius:</span> <span class='ocrx_word' id='word_1_330' title='bbox 1844 1153 1858 1177; x_wconf 81' lang='lat'><strong>⁴</strong></span> <span class='ocrx_word' id='word_1_331' title='bbox 1880 1152 2147 1215; x_wconf 87' lang='lat' dir='ltr'>Sepositus</span> <span class='ocrx_word' id='word_1_332' title='bbox 2183 1164 2278 1214; x_wconf 86' lang='lat' dir='ltr'>per</span> <span class='ocrx_word' id='word_1_333' title='bbox 2315 1164 2529 1200; x_wconf 83' lang='lat' dir='ltr'>causam</span> <span class='ocrx_word' id='word_1_334' title='bbox 2570 1150 2707 1214; x_wconf 81' lang='lat' dir='ltr'>lega·</span> 
     </span>
     <span class='ocr_line' id='line_1_62' title="bbox 1644 1228 2686 1278; baseline 0 -1"><span class='ocrx_word' id='word_1_335' title='bbox 1644 1228 1839 1278; x_wconf 67' lang='lat' dir='ltr'>tionis!</span> <span class='ocrx_word' id='word_1_336' title='bbox 1905 1229 2055 1278; x_wconf 74' lang='lat' dir='ltr'>Idem.</span> <span class='ocrx_word' id='word_1_337' title='bbox 2679 1242 2686 1251; x_wconf 90' lang='lat'><strong>·</strong></span> 
     </span>
    </p>

    <p class='ocr_par' dir='ltr' id='par_1_12' title="bbox 1635 1301 2707 1600">
     <span class='ocr_line' id='line_1_63' title="bbox 1703 1301 2707 1367; baseline -0.001 -12"><span class='ocrx_word' id='word_1_338' title='bbox 1703 1306 1839 1355; x_wconf 73' lang='lat' dir='ltr'>CAP.</span> <span class='ocrx_word' id='word_1_339' title='bbox 1876 1311 1955 1356; x_wconf 87' lang='grc'>10.</span> <span class='ocrx_word' id='word_1_340' title='bbox 1991 1307 2052 1355; x_wconf 71' lang='lat' dir='ltr'>Iu</span> <span class='ocrx_word' id='word_1_341' title='bbox 2083 1309 2231 1354; x_wconf 74' lang='lat' dir='ltr'>totam</span> <span class='ocrx_word' id='word_1_342' title='bbox 2252 1305 2415 1354; x_wconf 68' lang='lat' dir='ltr'>urbem</span> <span class='ocrx_word' id='word_1_343' title='bbox 2445 1301 2707 1367; x_wconf 68' lang='lat' dir='ltr'>penetrat?</span> 
     </span>
     <span class='ocr_line' id='line_1_64' title="bbox 1635 1383 2705 1447; baseline -0.004 -13"><span class='ocrx_word' id='word_1_344' title='bbox 1635 1383 1832 1447; x_wconf 68' lang='grc' dir='ltr'>παίωνι]</span> <span class='ocrx_word' id='word_1_345' title='bbox 1852 1383 2075 1434; x_wconf 88' lang='lat' dir='ltr'>Restitui</span> <span class='ocrx_word' id='word_1_346' title='bbox 2094 1400 2109 1443; x_wconf 91' lang='lat'>;</span> <span class='ocrx_word' id='word_1_347' title='bbox 2129 1398 2246 1431; x_wconf 81' lang='lat' dir='ltr'>cum</span> <span class='ocrx_word' id='word_1_348' title='bbox 2262 1383 2311 1430; x_wconf 88' lang='lat' dir='ltr'>iu</span> <span class='ocrx_word' id='word_1_349' title='bbox 2326 1384 2532 1445; x_wconf 88' lang='lat' dir='ltr'>scripto</span> <span class='ocrx_word' id='word_1_350' title='bbox 2549 1389 2705 1442; x_wconf 83' lang='lat' dir='ltr'>esset,</span> 
     </span>
     <span class='ocr_line' id='line_1_65' title="bbox 1635 1459 2706 1523; baseline -0.003 -14"><span class='ocrx_word' id='word_1_351' title='bbox 1635 1465 1857 1523; x_wconf 77' lang='lat' dir='ltr'>penetrat</span> <span class='ocrx_word' id='word_1_352' title='bbox 1876 1460 2080 1509; x_wconf 73' lang='lat' dir='ltr'>medium</span> <span class='ocrx_word' id='word_1_353' title='bbox 2094 1475 2113 1508; x_wconf 88' lang='lat'>.·</span> <span class='ocrx_word' id='word_1_354' title='bbox 2141 1459 2198 1508; x_wconf 88' lang='lat' dir='ltr'>in</span> <span class='ocrx_word' id='word_1_355' title='bbox 2223 1459 2466 1522; x_wconf 76' lang='lat' dir='ltr'>vulgatis,</span> <span class='ocrx_word' id='word_1_356' title='bbox 2485 1463 2706 1511; x_wconf 67' lang='lat' dir='ltr'>merum·</span> 
     </span>
     <span class='ocr_line' id='line_1_66' title="bbox 1640 1537 1865 1600; baseline -0.009 -13"><span class='ocrx_word' id='word_1_357' title='bbox 1640 1537 1865 1600; x_wconf 82' lang='lat' dir='ltr'>Lipsius.</span> 
     </span>
    </p>

    <p class='ocr_par' dir='ltr' id='par_1_13' title="bbox 1641 1610 2712 1815">
     <span class='ocr_line' id='line_1_67' title="bbox 1709 1610 2711 1676; baseline -0.003 -15"><span class='ocrx_word' id='word_1_358' title='bbox 1709 1612 1769 1661; x_wconf 70' lang='lat' dir='ltr'>Sa·</span> <span class='ocrx_word' id='word_1_359' title='bbox 1792 1612 1895 1676; x_wconf 72' lang='lat' dir='ltr'>quis</span> <span class='ocrx_word' id='word_1_360' title='bbox 1912 1612 2114 1675; x_wconf 74' lang='lat' dir='ltr'>requirit</span> <span class='ocrx_word' id='word_1_361' title='bbox 2139 1617 2188 1661; x_wconf 79' lang='lat' dir='ltr'>et</span> <span class='ocrx_word' id='word_1_362' title='bbox 2207 1613 2346 1661; x_wconf 77' lang='lat' dir='ltr'>semel</span> <span class='ocrx_word' id='word_1_363' title='bbox 2366 1610 2518 1674; x_wconf 72' lang='lat' dir='ltr'>cidit]</span> <span class='ocrx_word' id='word_1_364' title='bbox 2547 1612 2711 1674; x_wconf 81' lang='lat' dir='ltr'>Lego,</span> 
     </span>
     <span class='ocr_line' id='line_1_68' title="bbox 1641 1688 2712 1754; baseline -0.002 -16"><span class='ocrx_word' id='word_1_365' title='bbox 1641 1693 1696 1738; x_wconf 73' lang='lat' dir='ltr'>ut</span> <span class='ocrx_word' id='word_1_366' title='bbox 1715 1689 1856 1743; x_wconf 69' lang='lat' dir='ltr'>semi</span> <span class='ocrx_word' id='word_1_367' title='bbox 1872 1688 2013 1752; x_wconf 77' lang='lat' dir='ltr'>vidit,</span> <span class='ocrx_word' id='word_1_368' title='bbox 2039 1689 2092 1737; x_wconf 90' lang='lat' dir='ltr'>id</span> <span class='ocrx_word' id='word_1_369' title='bbox 2115 1696 2217 1750; x_wconf 85' lang='lat' dir='ltr'>est,</span> <span class='ocrx_word' id='word_1_370' title='bbox 2240 1697 2542 1754; x_wconf 84' lang='lat' dir='ltr'>postquam.</span> <span class='ocrx_word' id='word_1_371' title='bbox 2596 1689 2712 1739; x_wconf 76' lang='lat' dir='ltr'>Aci-</span> 
     </span>
     <span class='ocr_line' id='line_1_69' title="bbox 1643 1766 1815 1815; baseline 0.006 -1"><span class='ocrx_word' id='word_1_372' title='bbox 1643 1766 1815 1815; x_wconf 72' lang='lat' dir='ltr'>dalius.</span> 
     </span>
    </p>

    <p class='ocr_par' dir='ltr' id='par_1_14' title="bbox 1640 1841 2714 1986">
     <span class='ocr_line' id='line_1_70' title="bbox 1713 1841 2714 1905; baseline -0.002 -13"><span class='ocrx_word' id='word_1_373' title='bbox 1713 1844 1905 1892; x_wconf 77' lang='lat' dir='ltr'>Natura</span> <span class='ocrx_word' id='word_1_374' title='bbox 1924 1859 2010 1892; x_wconf 80' lang='lat' dir='ltr'>suu</span> <span class='ocrx_word' id='word_1_375' title='bbox 2046 1848 2285 1892; x_wconf 77' lang='lat' dir='ltr'>oratorum</span> <span class='ocrx_word' id='word_1_376' title='bbox 2308 1841 2556 1905; x_wconf 69' lang='lat' dir='ltr'>ingenium</span> <span class='ocrx_word' id='word_1_377' title='bbox 2577 1843 2714 1891; x_wconf 73' lang='lat' dir='ltr'>deuo-</span> 
     </span>
     <span class='ocr_line' id='line_1_71' title="bbox 1640 1920 2649 1986; baseline -0.001 -17"><span class='ocrx_word' id='word_1_378' title='bbox 1640 1922 1803 1986; x_wconf 78' lang='lat' dir='ltr'>gom&#39;t]</span> <span class='ocrx_word' id='word_1_379' title='bbox 1833 1923 1957 1971; x_wconf 86' lang='lat' dir='ltr'>Sive</span> <span class='ocrx_word' id='word_1_380' title='bbox 1982 1921 2135 1983; x_wconf 86' lang='lat' dir='ltr'>adeo,</span> <span class='ocrx_word' id='word_1_381' title='bbox 2156 1921 2437 1970; x_wconf 76' lang='lat' dir='ltr'>oratorium.</span> <span class='ocrx_word' id='word_1_382' title='bbox 2480 1920 2649 1969; x_wconf 83' lang='lat' dir='ltr'>Idem.</span> 
     </span>
    </p>

    <p class='ocr_par' dir='ltr' id='par_1_15' title="bbox 1646 1997 2757 2203">
     <span class='ocr_line' id='line_1_72' title="bbox 1710 1997 2757 2059; baseline -0.004 -12"><span class='ocrx_word' id='word_1_383' title='bbox 1710 2000 1782 2047; x_wconf 76' lang='lat' dir='ltr'>Et</span> <span class='ocrx_word' id='word_1_384' title='bbox 1803 1998 2059 2047; x_wconf 74' lang='lat' dir='ltr'>iamborum</span> <span class='ocrx_word' id='word_1_385' title='bbox 2079 1997 2462 2057; x_wconf 70' lang='lat' dir='ltr'>amaritudinem,</span> <span class='ocrx_word' id='word_1_386' title='bbox 2475 1997 2715 2059; x_wconf 72' lang='lat' dir='ltr'>epigram-</span> <span class='ocrx_word' id='word_1_387' title='bbox 2751 2043 2757 2049; x_wconf 81' lang='grc'><em>,</em></span> 
     </span>
     <span class='ocr_line' id='line_1_73' title="bbox 1646 2072 2713 2140; baseline -0.005 -15"><span class='ocrx_word' id='word_1_388' title='bbox 1646 2077 1847 2140; x_wconf 64' lang='lat' dir='ltr'>mum]</span> <span class='ocrx_word' id='word_1_389' title='bbox 1880 2075 2063 2124; x_wconf 86' lang='lat' dir='ltr'>Insere</span> <span class='ocrx_word' id='word_1_390' title='bbox 2085 2074 2343 2138; x_wconf 85' lang='lat' dir='ltr'>copulam,</span> <span class='ocrx_word' id='word_1_391' title='bbox 2368 2078 2415 2121; x_wconf 77' lang='lat' dir='ltr'>et</span> <span class='ocrx_word' id='word_1_392' title='bbox 2434 2072 2713 2135; x_wconf 69' lang='lat' dir='ltr'>epigramm.</span> 
     </span>
     <span class='ocr_line' id='line_1_74' title="bbox 1648 2153 1815 2203; baseline 0 -1"><span class='ocrx_word' id='word_1_393' title='bbox 1648 2153 1815 2203; x_wconf 86' lang='lat' dir='ltr'>Idem.</span> 
     </span>
    </p>

    <p class='ocr_par' dir='ltr' id='par_1_16' title="bbox 1689 2229 2717 2291">
     <span class='ocr_line' id='line_1_75' title="bbox 1689 2229 2717 2291; baseline -0.003 -12"><span class='ocrx_word' id='word_1_394' title='bbox 1689 2232 1828 2287; x_wconf 77' lang='lat' dir='ltr'>Quod</span> <span class='ocrx_word' id='word_1_395' title='bbox 1841 2245 1944 2279; x_wconf 77' lang='lat' dir='ltr'>cum</span> <span class='ocrx_word' id='word_1_396' title='bbox 1964 2234 2138 2279; x_wconf 72' lang='lat' dir='ltr'>notura</span> <span class='ocrx_word' id='word_1_397' title='bbox 2161 2233 2245 2278; x_wconf 68' lang='lat' dir='ltr'>tiro</span> <span class='ocrx_word' id='word_1_398' title='bbox 2262 2229 2316 2278; x_wconf 68' lang='lat' dir='ltr'>in</span> <span class='ocrx_word' id='word_1_399' title='bbox 2333 2243 2488 2278; x_wconf 73' lang='lat' dir='ltr'>arcem</span> <span class='ocrx_word' id='word_1_400' title='bbox 2502 2229 2717 2291; x_wconf 76' lang='lat' dir='ltr'>eloquen-</span> 
     </span>
    </p>

    <p class='ocr_par' dir='ltr' id='par_1_17' title="bbox 1645 2307 2722 3142">
     <span class='ocr_line' id='line_1_76' title="bbox 1648 2307 2717 2370; baseline 0 -13"><span class='ocrx_word' id='word_1_401' title='bbox 1648 2307 1898 2369; x_wconf 75' lang='lat' dir='ltr'>tioeferat,</span> <span class='ocrx_word' id='word_1_402' title='bbox 1921 2323 2083 2357; x_wconf 76' lang='lat' dir='ltr'>errare</span> <span class='ocrx_word' id='word_1_403' title='bbox 2099 2307 2271 2370; x_wconf 76' lang='lat' dir='ltr'>mavis]</span> <span class='ocrx_word' id='word_1_404' title='bbox 2302 2308 2582 2358; x_wconf 86' lang='lat' dir='ltr'>Suetonius</span> <span class='ocrx_word' id='word_1_405' title='bbox 2613 2307 2717 2357; x_wconf 84' lang='lat' dir='ltr'>Au·</span> 
     </span>
     <span class='ocr_line' id='line_1_77' title="bbox 1652 2383 2713 2449; baseline -0.001 -16"><span class='ocrx_word' id='word_1_406' title='bbox 1652 2392 1825 2449; x_wconf 77' lang='lat' dir='ltr'>gusto,</span> <span class='ocrx_word' id='word_1_407' title='bbox 1855 2387 1954 2432; x_wconf 68' lang='grc' dir='ltr'>διο.</span> <span class='ocrx_word' id='word_1_408' title='bbox 1979 2383 2009 2412; x_wconf 75' lang='lat'>⁴⁸</span> <span class='ocrx_word' id='word_1_409' title='bbox 2050 2385 2067 2410; x_wconf 76' lang='lat'><strong><em>⁶</em></strong></span> <span class='ocrx_word' id='word_1_410' title='bbox 2094 2384 2360 2447; x_wconf 84' lang='lat' dir='ltr'>Quicquid</span> <span class='ocrx_word' id='word_1_411' title='bbox 2392 2384 2536 2448; x_wconf 88' lang='lat' dir='ltr'>apud</span> <span class='ocrx_word' id='word_1_412' title='bbox 2571 2385 2713 2432; x_wconf 83' lang='lat' dir='ltr'>durae</span> 
     </span>
     <span class='ocr_line' id='line_1_78' title="bbox 1653 2462 2714 2527; baseline 0 -15"><span class='ocrx_word' id='word_1_413' title='bbox 1653 2470 1908 2512; x_wconf 87' lang='lat' dir='ltr'>cessatum</span> <span class='ocrx_word' id='word_1_414' title='bbox 1933 2468 2016 2511; x_wconf 89' lang='lat' dir='ltr'>est</span> <span class='ocrx_word' id='word_1_415' title='bbox 2043 2462 2229 2512; x_wconf 83' lang='lat' dir='ltr'>maenia</span> <span class='ocrx_word' id='word_1_416' title='bbox 2247 2463 2444 2527; x_wconf 77' lang='lat' dir='ltr'>Trojae‚</span> <span class='ocrx_word' id='word_1_417' title='bbox 2466 2464 2714 2513; x_wconf 86' lang='lat' dir='ltr'>Hectoris</span> 
     </span>
     <span class='ocr_line' id='line_1_79' title="bbox 1650 2539 2715 2604; baseline 0 -14"><span class='ocrx_word' id='word_1_418' title='bbox 1650 2539 1930 2604; x_wconf 79' lang='lat' dir='ltr'>AEneaeque</span> <span class='ocrx_word' id='word_1_419' title='bbox 2001 2555 2156 2589; x_wconf 86' lang='lat' dir='ltr'>manu</span> <span class='ocrx_word' id='word_1_420' title='bbox 2222 2541 2445 2591; x_wconf 84' lang='lat' dir='ltr'>victoria</span> <span class='ocrx_word' id='word_1_421' title='bbox 2496 2543 2715 2592; x_wconf 85' lang='lat' dir='ltr'>Graium</span> 
     </span>
     <span class='ocr_line' id='line_1_80' title="bbox 1653 2617 2717 2683; baseline 0.003 -16"><span class='ocrx_word' id='word_1_422' title='bbox 1653 2618 1844 2677; x_wconf 75' lang='lat' dir='ltr'>Haesit,</span> <span class='ocrx_word' id='word_1_423' title='bbox 1868 2626 1917 2666; x_wconf 77' lang='lat' dir='ltr'>et</span> <span class='ocrx_word' id='word_1_424' title='bbox 1964 2617 2014 2666; x_wconf 89' lang='lat' dir='ltr'>in</span> <span class='ocrx_word' id='word_1_425' title='bbox 2056 2618 2312 2667; x_wconf 84' lang='lat' dir='ltr'>decimum</span> <span class='ocrx_word' id='word_1_426' title='bbox 2353 2621 2578 2683; x_wconf 85' lang='lat' dir='ltr'>vestigia</span> <span class='ocrx_word' id='word_1_427' title='bbox 2614 2627 2717 2669; x_wconf 88' lang='lat' dir='ltr'>ret-</span> 
     </span>
     <span class='ocr_line' id='line_1_81' title="bbox 1653 2695 2324 2747; baseline 0.001 -2"><span class='ocrx_word' id='word_1_428' title='bbox 1653 2696 1778 2745; x_wconf 86' lang='lat' dir='ltr'>tulit</span> <span class='ocrx_word' id='word_1_429' title='bbox 1800 2695 2024 2747; x_wconf 66' lang='lat' dir='ltr'>annum!</span> <span class='ocrx_word' id='word_1_430' title='bbox 2088 2696 2324 2746; x_wconf 69' lang='lat' dir='ltr'>&amp;helius-</span> 
     </span>
     <span class='ocr_line' id='line_1_82' title="bbox 1645 2772 2719 2837; baseline 0.002 -15"><span class='ocrx_word' id='word_1_431' title='bbox 1645 2818 1660 2830; x_wconf 83' lang='grc'><em>,</em></span> <span class='ocrx_word' id='word_1_432' title='bbox 1721 2774 2018 2837; x_wconf 68' lang='lat' dir='ltr'>Eloquentia</span> <span class='ocrx_word' id='word_1_433' title='bbox 2058 2772 2212 2836; x_wconf 77' lang='lat' dir='ltr'>ferat,</span> <span class='ocrx_word' id='word_1_434' title='bbox 2262 2789 2425 2824; x_wconf 82' lang='lat' dir='ltr'>errore</span> <span class='ocrx_word' id='word_1_435' title='bbox 2478 2777 2630 2824; x_wconf 75' lang='lat' dir='ltr'>mavis</span> <span class='ocrx_word' id='word_1_436' title='bbox 2673 2780 2719 2824; x_wconf 79' lang='lat' dir='ltr'>et</span> 
     </span>
     <span class='ocr_line' id='line_1_83' title="bbox 1652 2849 2716 2913; baseline 0 -15"><span class='ocrx_word' id='word_1_437' title='bbox 1652 2865 1835 2898; x_wconf 80' lang='lat' dir='ltr'>summo</span> <span class='ocrx_word' id='word_1_438' title='bbox 1906 2849 2123 2913; x_wconf 74' lang='lat' dir='ltr'>adeptus]</span> <span class='ocrx_word' id='word_1_439' title='bbox 2213 2850 2436 2899; x_wconf 88' lang='lat' dir='ltr'>Credam</span> <span class='ocrx_word' id='word_1_440' title='bbox 2500 2852 2716 2899; x_wconf 83' lang='lat' dir='ltr'>melius:</span> 
     </span>
     <span class='ocr_line' id='line_1_84' title="bbox 1652 2927 2722 2991; baseline 0 -15"><span class='ocrx_word' id='word_1_441' title='bbox 1652 2927 1927 2991; x_wconf 70' lang='lat' dir='ltr'>eloquentie</span> <span class='ocrx_word' id='word_1_442' title='bbox 1969 2932 2036 2976; x_wconf 81' lang='lat' dir='ltr'>te.</span> <span class='ocrx_word' id='word_1_443' title='bbox 2063 2927 2221 2987; x_wconf 77' lang='lat' dir='ltr'>ferat,</span> <span class='ocrx_word' id='word_1_444' title='bbox 2262 2943 2422 2977; x_wconf 78' lang='lat' dir='ltr'>errore</span> <span class='ocrx_word' id='word_1_445' title='bbox 2466 2928 2622 2976; x_wconf 74' lang='lat' dir='ltr'>mavis</span> <span class='ocrx_word' id='word_1_446' title='bbox 2673 2932 2722 2976; x_wconf 83' lang='lat' dir='ltr'>et</span> 
     </span>
     <span class='ocr_line' id='line_1_85' title="bbox 1653 3002 2720 3066; baseline 0.001 -15"><span class='ocrx_word' id='word_1_447' title='bbox 1653 3017 1835 3052; x_wconf 71' lang='lat' dir='ltr'>summ</span> <span class='ocrx_word' id='word_1_448' title='bbox 1855 3005 2128 3066; x_wconf 68' lang='lat' dir='ltr'>adepturus.</span> <span class='ocrx_word' id='word_1_449' title='bbox 2197 3003 2390 3051; x_wconf 83' lang='lat' dir='ltr'>Eadem</span> <span class='ocrx_word' id='word_1_450' title='bbox 2427 3002 2720 3052; x_wconf 84' lang='lat' dir='ltr'>criminatio</span> 
     </span>
     <span class='ocr_line' id='line_1_86' title="bbox 1656 3078 2355 3142; baseline -0.003 -14"><span class='ocrx_word' id='word_1_451' title='bbox 1656 3094 1832 3142; x_wconf 84' lang='lat' dir='ltr'>supra,</span> <span class='ocrx_word' id='word_1_452' title='bbox 1864 3084 1963 3128; x_wconf 63' lang='lat' dir='ltr'>«Sec.</span> <span class='ocrx_word' id='word_1_453' title='bbox 1996 3078 2026 3107; x_wconf 70' lang='lat'><strong>‘</strong></span> <span class='ocrx_word' id='word_1_454' title='bbox 2090 3078 2355 3127; x_wconf 56' lang='lat' dir='ltr'>Acidalia.</span> 
     </span>
    </p>
   </div>
   <div class='ocr_carea' id='block_1_11' title="bbox 1723 3153 2792 3219">
    <p class='ocr_par' dir='ltr' id='par_1_18' title="bbox 1723 3153 2792 3219">
     <span class='ocr_line' id='line_1_87' title="bbox 1723 3153 2792 3219; baseline 0.002 -17"><span class='ocrx_word' id='word_1_455' title='bbox 1723 3155 1959 3204; x_wconf 69' lang='lat' dir='ltr'>Immunes</span> <span class='ocrx_word' id='word_1_456' title='bbox 2000 3156 2106 3203; x_wconf 77' lang='lat' dir='ltr'>illos</span> <span class='ocrx_word' id='word_1_457' title='bbox 2137 3160 2185 3204; x_wconf 80' lang='lat' dir='ltr'>et</span> <span class='ocrx_word' id='word_1_458' title='bbox 2227 3158 2290 3204; x_wconf 78' lang='lat' dir='ltr'>ud</span> <span class='ocrx_word' id='word_1_459' title='bbox 2329 3170 2544 3219; x_wconf 79' lang='lat' dir='ltr'>pugnam</span> <span class='ocrx_word' id='word_1_460' title='bbox 2567 3153 2719 3216; x_wconf 67' lang='lat' dir='ltr'>natos]</span> <span class='ocrx_word' id='word_1_461' title='bbox 2783 3157 2792 3163; x_wconf 87' lang='grc'><strong>“</strong></span> 
     </span>
    </p>
   </div>
   <div class='ocr_carea' id='block_1_12' title="bbox 1657 3231 2726 4376">
    <p class='ocr_par' dir='ltr' id='par_1_19' title="bbox 1657 3231 2719 3528">
     <span class='ocr_line' id='line_1_88' title="bbox 1658 3231 2715 3295; baseline -0.001 -14"><span class='ocrx_word' id='word_1_462' title='bbox 1658 3234 1740 3281; x_wconf 80' lang='lat' dir='ltr'>Ex</span> <span class='ocrx_word' id='word_1_463' title='bbox 1765 3231 2027 3281; x_wconf 83' lang='lat' dir='ltr'>veteribus</span> <span class='ocrx_word' id='word_1_464' title='bbox 2074 3231 2254 3280; x_wconf 89' lang='lat' dir='ltr'>addidi</span> <span class='ocrx_word' id='word_1_465' title='bbox 2295 3237 2558 3295; x_wconf 86' lang='lat' dir='ltr'>copulam,</span> <span class='ocrx_word' id='word_1_466' title='bbox 2602 3247 2715 3295; x_wconf 77' lang='lat' dir='ltr'>quae</span> 
     </span>
     <span class='ocr_line' id='line_1_89' title="bbox 1658 3308 2719 3369; baseline -0.001 -11"><span class='ocrx_word' id='word_1_467' title='bbox 1658 3310 1712 3358; x_wconf 88' lang='lat' dir='ltr'>in</span> <span class='ocrx_word' id='word_1_468' title='bbox 1748 3311 1965 3369; x_wconf 65' lang='lat' dir='ltr'>vulgatis</span> <span class='ocrx_word' id='word_1_469' title='bbox 1996 3309 2283 3359; x_wconf 78' lang='lat' dir='ltr'>exciderat.</span> <span class='ocrx_word' id='word_1_470' title='bbox 2321 3310 2551 3359; x_wconf 73' lang='lat' dir='ltr'>Picheno.</span> <span class='ocrx_word' id='word_1_471' title='bbox 2624 3308 2719 3357; x_wconf 60' lang='lat' dir='ltr'>Vb·</span> 
     </span>
     <span class='ocr_line' id='line_1_90' title="bbox 1657 3385 2718 3450; baseline 0.001 -16"><span class='ocrx_word' id='word_1_472' title='bbox 1657 3387 1748 3436; x_wconf 85' lang='lat' dir='ltr'>lim</span> <span class='ocrx_word' id='word_1_473' title='bbox 1783 3402 1907 3436; x_wconf 82' lang='lat' dir='ltr'>sane</span> <span class='ocrx_word' id='word_1_474' title='bbox 1925 3385 2048 3435; x_wconf 78' lang='lat' dir='ltr'>addi</span> <span class='ocrx_word' id='word_1_475' title='bbox 2087 3386 2345 3450; x_wconf 84' lang='lat' dir='ltr'>copulam,</span> <span class='ocrx_word' id='word_1_476' title='bbox 2367 3386 2599 3435; x_wconf 70' lang='lat' dir='ltr'>immanes</span> <span class='ocrx_word' id='word_1_477' title='bbox 2617 3387 2718 3434; x_wconf 72' lang='lat' dir='ltr'>illos</span> 
     </span>
     <span class='ocr_line' id='line_1_91' title="bbox 1658 3460 2401 3528; baseline -0.005 -15"><span class='ocrx_word' id='word_1_478' title='bbox 1658 3470 1706 3513; x_wconf 84' lang='lat' dir='ltr'>et</span> <span class='ocrx_word' id='word_1_479' title='bbox 1728 3467 1791 3517; x_wconf 72' lang='lat' dir='ltr'>ad</span> <span class='ocrx_word' id='word_1_480' title='bbox 1803 3479 2029 3528; x_wconf 77' lang='lat' dir='ltr'>pugnam,</span> <span class='ocrx_word' id='word_1_481' title='bbox 2048 3464 2128 3526; x_wconf 57' lang='lat' dir='ltr'>&amp;a</span> <span class='ocrx_word' id='word_1_482' title='bbox 2194 3460 2401 3511; x_wconf 77' lang='lat' dir='ltr'>Acidal-</span> 
     </span>
    </p>

    <p class='ocr_par' dir='ltr' id='par_1_20' title="bbox 1657 3537 2720 3833">
     <span class='ocr_line' id='line_1_92' title="bbox 1727 3537 2717 3603; baseline -0.005 -13"><span class='ocrx_word' id='word_1_483' title='bbox 1727 3541 1996 3590; x_wconf 75' lang='lat' dir='ltr'>Obnoxium</span> <span class='ocrx_word' id='word_1_484' title='bbox 2015 3541 2081 3588; x_wconf 79' lang='lat' dir='ltr'>sit</span> <span class='ocrx_word' id='word_1_485' title='bbox 2099 3537 2360 3603; x_wconf 75' lang='lat' dir='ltr'>offendere]</span> <span class='ocrx_word' id='word_1_486' title='bbox 2382 3538 2575 3588; x_wconf 82' lang='lat' dir='ltr'>Nescio</span> <span class='ocrx_word' id='word_1_487' title='bbox 2599 3537 2717 3602; x_wconf 87' lang='lat' dir='ltr'>quid</span> 
     </span>
     <span class='ocr_line' id='line_1_93' title="bbox 1657 3615 2716 3669; baseline -0.006 -1"><span class='ocrx_word' id='word_1_488' title='bbox 1657 3620 1710 3669; x_wconf 89' lang='lat' dir='ltr'>in</span> <span class='ocrx_word' id='word_1_489' title='bbox 1750 3620 1849 3668; x_wconf 79' lang='lat' dir='ltr'>liae</span> <span class='ocrx_word' id='word_1_490' title='bbox 1893 3617 2119 3666; x_wconf 85' lang='lat' dir='ltr'>lectione</span> <span class='ocrx_word' id='word_1_491' title='bbox 2162 3615 2562 3669; x_wconf 50' lang='lat' dir='ltr'>inconcinnum:</span> <span class='ocrx_word' id='word_1_492' title='bbox 2622 3628 2716 3662; x_wconf 84' lang='lat' dir='ltr'>nec</span> 
     </span>
     <span class='ocr_line' id='line_1_94' title="bbox 1660 3689 2720 3758; baseline -0.008 -12"><span class='ocrx_word' id='word_1_493' title='bbox 1660 3697 1860 3757; x_wconf 81' lang='lat' dir='ltr'>dubito,</span> <span class='ocrx_word' id='word_1_494' title='bbox 1899 3694 2020 3758; x_wconf 87' lang='lat' dir='ltr'>quin</span> <span class='ocrx_word' id='word_1_495' title='bbox 2075 3698 2259 3745; x_wconf 87' lang='lat' dir='ltr'>auctor</span> <span class='ocrx_word' id='word_1_496' title='bbox 2307 3690 2602 3754; x_wconf 87' lang='lat' dir='ltr'>scripserit,</span> <span class='ocrx_word' id='word_1_497' title='bbox 2645 3689 2720 3738; x_wconf 76' lang='lat' dir='ltr'>ob-</span> 
     </span>
     <span class='ocr_line' id='line_1_95' title="bbox 1659 3766 2374 3833; baseline -0.01 -12"><span class='ocrx_word' id='word_1_498' title='bbox 1659 3773 1853 3821; x_wconf 80' lang='lat' dir='ltr'>noxium</span> <span class='ocrx_word' id='word_1_499' title='bbox 1875 3771 1942 3819; x_wconf 79' lang='lat' dir='ltr'>sit</span> <span class='ocrx_word' id='word_1_500' title='bbox 1962 3768 2171 3833; x_wconf 63' lang='lat' dir='ltr'>offensa*-</span> <span class='ocrx_word' id='word_1_501' title='bbox 2206 3766 2374 3817; x_wconf 86' lang='lat' dir='ltr'>Idem.</span> 
     </span>
    </p>

    <p class='ocr_par' dir='ltr' id='par_1_21' title="bbox 1659 3842 2726 4376">
     <span class='ocr_line' id='line_1_96' title="bbox 1725 3842 2719 3911; baseline -0.009 -12"><span class='ocrx_word' id='word_1_502' title='bbox 1725 3851 1888 3899; x_wconf 77' lang='lat' dir='ltr'>Sentio</span> <span class='ocrx_word' id='word_1_503' title='bbox 1919 3847 2031 3911; x_wconf 73' lang='lat' dir='ltr'>quid</span> <span class='ocrx_word' id='word_1_504' title='bbox 2072 3843 2344 3908; x_wconf 70' lang='lat' dir='ltr'>responderi</span> <span class='ocrx_word' id='word_1_505' title='bbox 2375 3842 2591 3907; x_wconf 77' lang='lat' dir='ltr'>possit]</span> <span class='ocrx_word' id='word_1_506' title='bbox 2621 3842 2719 3891; x_wconf 80' lang='lat' dir='ltr'>Hic</span> 
     </span>
     <span class='ocr_line' id='line_1_97' title="bbox 1659 3919 2723 3982; baseline -0.011 -5"><span class='ocrx_word' id='word_1_507' title='bbox 1659 3928 1805 3977; x_wconf 88' lang='lat' dir='ltr'>locus</span> <span class='ocrx_word' id='word_1_508' title='bbox 1830 3925 2078 3975; x_wconf 75' lang='lat' dir='ltr'>asterisco</span> <span class='ocrx_word' id='word_1_509' title='bbox 2092 3921 2214 3970; x_wconf 86' lang='lat' dir='ltr'>mihi</span> <span class='ocrx_word' id='word_1_510' title='bbox 2237 3919 2471 3982; x_wconf 84' lang='lat' dir='ltr'>indigere</span> <span class='ocrx_word' id='word_1_511' title='bbox 2500 3919 2723 3969; x_wconf 81' lang='lat' dir='ltr'>videtur.</span> 
     </span>
     <span class='ocr_line' id='line_1_98' title="bbox 1659 3995 2720 4056; baseline -0.01 -1"><span class='ocrx_word' id='word_1_512' title='bbox 1659 4004 1891 4054; x_wconf 75' lang='lat' dir='ltr'>Pr’thoeus.</span> <span class='ocrx_word' id='word_1_513' title='bbox 1959 3997 2245 4050; x_wconf 86' lang='lat' dir='ltr'>Defectum</span> <span class='ocrx_word' id='word_1_514' title='bbox 2282 3995 2491 4056; x_wconf 88' lang='lat' dir='ltr'>odoror,</span> <span class='ocrx_word' id='word_1_515' title='bbox 2509 4003 2566 4044; x_wconf 92' lang='lat' dir='ltr'>et</span> <span class='ocrx_word' id='word_1_516' title='bbox 2589 4004 2720 4044; x_wconf 83' lang='lat' dir='ltr'>aste-</span> 
     </span>
     <span class='ocr_line' id='line_1_99' title="bbox 1661 4074 2722 4143; baseline -0.008 -12"><span class='ocrx_word' id='word_1_517' title='bbox 1661 4082 1849 4131; x_wconf 82' lang='lat' dir='ltr'>riscum</span> <span class='ocrx_word' id='word_1_518' title='bbox 1874 4080 1996 4143; x_wconf 89' lang='lat' dir='ltr'>poni</span> <span class='ocrx_word' id='word_1_519' title='bbox 2039 4076 2193 4125; x_wconf 84' lang='lat' dir='ltr'>velim</span> <span class='ocrx_word' id='word_1_520' title='bbox 2217 4080 2338 4122; x_wconf 83' lang='lat' dir='ltr'>ante</span> <span class='ocrx_word' id='word_1_521' title='bbox 2363 4074 2576 4123; x_wconf 83' lang='lat' dir='ltr'>verbum</span> <span class='ocrx_word' id='word_1_522' title='bbox 2599 4075 2722 4123; x_wconf 72' lang='lat' dir='ltr'>hiae.</span> 
     </span>
     <span class='ocr_line' id='line_1_100' title="bbox 1659 4150 2724 4222; baseline -0.01 -14"><span class='ocrx_word' id='word_1_523' title='bbox 1659 4158 1886 4222; x_wconf 86' lang='lat' dir='ltr'>Lipsius.</span> <span class='ocrx_word' id='word_1_524' title='bbox 1926 4212 1930 4214; x_wconf 15' lang='lat' dir='ltr'>V</span> <span class='ocrx_word' id='word_1_525' title='bbox 1952 4153 2236 4205; x_wconf 89' lang='lat' dir='ltr'>Defectum</span> <span class='ocrx_word' id='word_1_526' title='bbox 2266 4150 2351 4199; x_wconf 81' lang='lat' dir='ltr'>hic</span> <span class='ocrx_word' id='word_1_527' title='bbox 2374 4150 2585 4213; x_wconf 82' lang='lat' dir='ltr'>Lipsius</span> <span class='ocrx_word' id='word_1_528' title='bbox 2606 4164 2724 4199; x_wconf 86' lang='lat' dir='ltr'>cen-</span> 
     </span>
     <span class='ocr_line' id='line_1_101' title="bbox 1660 4226 2726 4296; baseline -0.01 -11"><span class='ocrx_word' id='word_1_529' title='bbox 1660 4243 1759 4285; x_wconf 89' lang='lat' dir='ltr'>set.</span> <span class='ocrx_word' id='word_1_530' title='bbox 1826 4235 1939 4296; x_wconf 80' lang='lat' dir='ltr'>Ego</span> <span class='ocrx_word' id='word_1_531' title='bbox 1978 4245 2104 4280; x_wconf 85' lang='lat' dir='ltr'>vero</span> <span class='ocrx_word' id='word_1_532' title='bbox 2144 4241 2414 4293; x_wconf 85' lang='lat' dir='ltr'>superesse</span> <span class='ocrx_word' id='word_1_533' title='bbox 2456 4227 2614 4277; x_wconf 86' lang='lat' dir='ltr'>etiam</span> <span class='ocrx_word' id='word_1_534' title='bbox 2639 4226 2726 4275; x_wconf 79' lang='lat' dir='ltr'>ali-</span> 
     </span>
     <span class='ocr_line' id='line_1_102' title="bbox 1660 4303 2722 4376; baseline -0.008 -14"><span class='ocrx_word' id='word_1_535' title='bbox 1660 4309 1788 4376; x_wconf 81' lang='lat' dir='ltr'>quid</span> <span class='ocrx_word' id='word_1_536' title='bbox 1801 4322 2062 4370; x_wconf 80' lang='lat' dir='ltr'>censeam,</span> <span class='ocrx_word' id='word_1_537' title='bbox 2082 4321 2143 4358; x_wconf 77' lang='lat' dir='ltr'>ex</span> <span class='ocrx_word' id='word_1_538' title='bbox 2158 4305 2250 4357; x_wconf 68' lang='lat' dir='ltr'>lus.</span> <span class='ocrx_word' id='word_1_539' title='bbox 2316 4304 2456 4355; x_wconf 82' lang='lat' dir='ltr'>Nam</span> <span class='ocrx_word' id='word_1_540' title='bbox 2476 4303 2605 4370; x_wconf 85' lang='lat' dir='ltr'>quid</span> <span class='ocrx_word' id='word_1_541' title='bbox 2626 4304 2722 4359; x_wconf 72' lang='lat' dir='ltr'>hec</span> 
     </span>
    </p>
   </div>
   <div class='ocr_carea' id='block_1_13' title="bbox 2971 0 3009 3779">
    <p class='ocr_par' dir='ltr' id='par_1_22' title="bbox 2971 0 3009 3779">
     <span class='ocr_line' id='line_1_103' title="bbox 2971 0 3009 3779; baseline 0 0"><span class='ocrx_word' id='word_1_542' title='bbox 2971 0 3009 3779; x_wconf 95' lang='lat' dir='ltr'> </span> 
     </span>
    </p>
   </div>
   <div class='ocr_carea' id='block_1_14' title="bbox 2986 4016 2993 4723">
    <p class='ocr_par' dir='ltr' id='par_1_23' title="bbox 2986 4016 2993 4723">
     <span class='ocr_line' id='line_1_104' title="bbox 2986 4016 2993 4723; baseline 0 0"><span class='ocrx_word' id='word_1_543' title='bbox 2986 4016 2993 4723; x_wconf 95' lang='lat' dir='ltr'> </span> 
     </span>
    </p>
   </div>
  </div>
 </body>
</html>
