3009 4942
832 390 980 440 Lus.
1005 388 1159 439 ‘XV-

310 534 503 602 alioqui
524 540 703 600 posset
722 535 880 586 etiam
899 535 1024 599 legi,
1042 535 1366 585 innectes-esu·

303 616 544 677 pen-sedeo,
580 630 695 679 quin
719 614 877 664 lectio
901 614 1024 663 milii
1047 627 1371 678 summopere

310 689 582 752 probatur,
620 704 735 739 nam
760 690 991 754 superior
1020 703 1197 740 sensus
1218 690 1372 779 plane

306 762 530 828 frigidus
553 771 652 816 est.
685 766 836 815 Ideni.

301 876 310 881 -
376 841 514 891 Cu».
538 846 621 890 64.
655 842 869 892 Inhiberi
910 848 1108 893 niortem
1145 841 1373 906 imperat]

305 915 540 966 Verbum
562 919 766 982 imperat
788 934 890 968 non
912 926 993 969 est
1023 920 1074 968 in
1113 920 1246 969 libro
1269 934 1375 968 ma·

304 997 614 1061 nnscripto:
649 1013 809 1062 quare
830 999 1070 1048 'facitum
1105 998 1373 1061 scripsisse

305 1073 563 1136 suspicor,
598 1075 668 1123 At
705 1075 837 1124 Nero
874 1075 1000 1124 nullo
1032 1076 1084 1123 in
1123 1074 1375 1123 Paulinam

299 1150 501 1213 proprio
523 1152 645 1213 odio,
678 1167 735 1201 ac
757 1167 812 1201 ne
827 1153 1048 1215 glisceret
1066 1151 1249 1204 inin'dia
1270 1166 1373 1201 cru-

301 1229 541 1291 delitatis,
560 1230 770 1280 inhibere
791 1236 1001 1281 mortem.
1066 1229 1299 1289 Inhibere,
1321 1229 1374 1279 id

303 1310 410 1366 est,
449 1305 739 1355 inhibebat.
789 1305 1059 1356 Rhenanus.
1122 1306 1375 1356 Testatur

305 1381 612 1443 Rhenanus,
627 1382 806 1433 abesse
825 1399 854 1433 a
872 1385 966 1432 silo
985 1383 1126 1432 Msto
1142 1382 1377 1448 verbnm,

299 1459 529 1523 ‘inperat
601 1461 713 1525 Ego
749 1461 874 1511 item
914 1476 946 1510 a
982 1461 1122 1510 Flor.
1163 1467 1319 1525 atque
1342 1474 1374 1509 a

304 1535 511 1587 duobus
534 1538 646 1587 aliis
682 1538 966 1589 veteribus.
1035 1539 1191 1588 Forte
1211 1539 1373 1602 scrip·
1378 1594 1388 1601 ‚

303 1614 375 1663 sit
398 1614 631 1676 Tacitus,
661 1615 843 1664 inhibet
874 1619 1085 1664 mortem.
1121 1614 1371 1664 Pichena.

303 1674 451 1752 A'm3
518 1691 721 1742 inhiberi
758 1697 953 1742 mortem
983 1692 1223 1756 imperat.-
1278 1692 1371 1741 sed

300 1767 512 1832 imperat
532 1769 669 1820 istud
706 1785 804 1820 nee
841 1772 894 1820 in
926 1771 1030 1819 Ms.
1056 1770 1376 1832 Florentino,

301 1845 527 1910 aliisque
559 1845 759 1895 dnobus
795 1847 1042 1895 Pichenae
1073 1844 1371 1906 veteribus3

300 1935 408 1971 nec
446 1922 571 1972 item
605 1924 659 1973 in
696 1924 796 1974 Ms.
821 1923 1074 1972 Rhenani
1087 1929 1374 1985 comparet.

297 1998 448 2061 ,Ergo
472 2013 572 2047 non
595 1999 827 2049 dubitavi
848 1999 1116 2063 scripsisse
1136 1999 1373 2048 Tacitum

296 2072 536 2142 inhibere,
568 2089 663 2138 pro
705 2074 992 2137 inhibebat,
1013 2081 1113 2123 aut
1135 2072 1377 2138 inhibuit,

293 2147 477 2199 forma
514 2151 797 2215 loquendi
783 2151 901 2215 ipsi,
938 2150 1154 2215 aliisque
1174 2151 1374 2201 Latinis

296 2226 659 2295 Scriptoribns
682 2227 1034 2295 usitatissima.
1067 2228 1288 2279 Freinin.

372 2303 607 2366 Obligant
621 2304 833 2369 brachia,
843 2310 1062 2368 premunt
1075 2305 1375 2369 sanguinein]

295 2380 533 2441 Premere
555 2381 691 2433 idem
708 2383 811 2445 bic,
825 2382 962 2447 quod
979 2382 1219 2433 cohibere
1236 2381 1376 2434 Αιιιι.

297 2457 398 2508 lib.
440 2472 484 2507 1.
536 2460 552 2487 ‘
601 2460 866 2524 multaque
910 2460 1102 2510 indicia
1141 2460 1378 2524 saevitiae,

301 2546 602 2599 quanquam
675 2542 995 2599 premuntur,
1068 2534 1374 2599 erumpere?

297 2610 454 2667 Hist.
479 2611 567 2662 lib.
588 2626 665 2661 lv.
697 2613 713 2640 ‘
738 2613 923 2676 pressit
945 2611 1080 2661 iras.’
1113 2612 1340 2662 Picliena.

291 2712 330 2745 ,-
368 2687 617 2743 Incertam
636 2704 699 2737 an
727 2687 935 2751 ignara]
970 2687 1192 2757 Dubites
1215 2702 1281 2737 an
1300 2687 1375 2736 in·

293 2772 499 2831 grutam·
532 2769 569 2818 i.
592 2784 641 2817 e.
678 2769 892 2818 invitae:
941 2774 999 2818 ut
1035 2768 1270 2832 Donatus
1306 2767 1372 2817 ad

295 2846 545 2913 Terentii
584 2845 889 2896 Eunuchum
925 2859 1039 2895 eam
1082 2859 1278 2894 vocem·
1300 2844 1375 2894 in-

298 2929 668 2991 terpretatura
688 2925 759 2973 Et
781 2922 942 2971 voluit
959 2922 1024 2970 P.
1043 2921 1215 2985 Faber
1235 2920 1372 2970 idem

298 3000 408 3050 hoe
433 3001 580 3050 verbi
605 3012 854 3067 reponere
872 2998 921 3046 in
938 2997 1123 3055 'Recito
1146 3012 1259 3061 sup.
1282 2996 1373 3048 lib.

297 3088 415 3139 χιι.
461 3076 551 3126 uhi
591 3075 657 3125 de
699 3090 851 3140 poena
887 3073 1373 3137 feminaruquuae

299 3155 472 3205 servis
486 3154 927 3218 conjungerentur
943 3168 956 3200 z
979 3151 996 3177 ‘
1011 3151 1375 3215 statuiturque

302 3239 367 3281 ut
406 3232 591 3296 ignaro
631 3230 839 3279 domino
878 3227 945 3277 ad
987 3227 1038 3276 id
1081 3228 1375 3291 prolapsa3’

301 3307 438 3372 legit
476 3307 696 3370 ingrato.-
741 3306 775 3356 i.
793 3320 840 3355 e.
879 3305 1059 3354 invito.
1127 3304 1235 3354 Sed
1271 3319 1373 3353 non

302 3386 491 3450 probo,
560 3384 677 3437 Hoc
709 3391 884 3433 autem
917 3384 1033 3432 loco
1067 3382 1252 3445 ignarae
1289 3396 1376 3431 ne-

301 3464 414 3514 scio
439 3462 529 3527 qui
566 3463 843 3511 convenire
875 3460 1056 3524 possit.
1121 3461 1373 3512 Inscienti

303 3540 450 3589 enim
493 3539 725 3602 obligare
765 3537 994 3599 brachia,
1037 3538 1223 3588 sistere
1263 3552 1374 3587 san-

302 3616 516 3680 guinem
555 3629 655 3665 non
698 3621 997 3679 potuerunt.
1068 3616 1137 3664 Et
1170 3622 1374 3665 senten-

305 3693 435 3743 tiam
459 3692 676 3741 alteram
700 3693 875 3756 juvat,
895 3690 1032 3755 quod
1055 3689 1187 3740 infra
1208 3691 1375 3755 sequi·

308 3776 431 3820 tur.
489 3769 735 3821 ‘Deinde
779 3769 959 3837 oblata
1015 3768 1217 3818 mitiore
1261 3784 1376 3834 spe,

306 3847 679 3899 blandimentis
701 3848 823 3897 vitae
845 3847 1100 3897 evictam)
1131 3846 1321 3899 Acidal.

377 3926 450 3974 Et
480 3925 740 3975 lenitudine
771 3926 961 3988 mortis]
997 3926 1239 3975 placeret
1272 3938 1376 3973 ma·

305 4001 407 4066 gis,
450 4009 509 4050 ut
551 4001 774 4051 Faernus
811 4001 1050 4066 legebat:
1100 4000 1380 4051 lentitudine

304 4079 495 4129 mortis.
532 4079 768 4127 Ursinus.

303 4190 314 4201 ·
379 4156 489 4209 Diu
515 4155 611 4204 sibi
642 4155 869 4204 uinicitiae
892 4155 1000 4220 fide
1023 4159 1071 4204 et
1105 4159 1209 4204 arte
1232 4154 1379 4203 rnedi-

306 4234 430 4283 oe'noe
461 4231 733 4296 probatum]
781 4234 1036 4294 Muretus,
1073 4237 1121 4281 et
1151 4231 1380 4282 amicilia·

290 4310 403 4376 fide
419 4316 469 4363 et
490 4317 599 4361 arte
617 4311 785 4362 medic.
819 4309 1108 4361 Acidalius.

1169 394 1176 399 ·
1204 387 1369 439 cAP.
1392 370 1529 438 66.·
1550 384 1988 438 summum,
2004 430 2019 445 ,.

2336 367 2514 439 41oe
2532 426 2541 435 .

1513 532 1748 582 Damnati
1758 531 1944 597 publica
1956 533 2008 582 ’A
2012 529 2322 582 theniensiinn
2328 522 2514 592 ,ἱαᾶἶὲίο

1445 611 1858 674 extinguerentur]
1889 607 2129 676 Ap'p'aret
2163 625 2230 660 ex
2264 611 2406 673 regio
2423 598 2499 661 'v'o

1447 687 1638 737 lumine
1657 688 1761 751 legi
1779 701 1927 751 posse
1948 686 1973 749 ς’
1995 686 2368 751 damnatuspiilr.
2389 686 2513 737 Aeli.

1434 765 1544 825 Jud.
1567 765 1942 827 extingueretur.
1978 764 2268 813 Rhenanus.
2323 764 2516 813 Cicuta

1445 857 1702 892 -venenum
1741 848 1845 905 est,
1881 842 2092 905 publica
2124 839 2515 891 Atheniensium

1449 932 1603 983 poena
1624 918 1808 979 invisa,
1828 919 1995 983 inquit
2016 919 2077 967 C.
2099 912 2297 967 Plinius
2319 909 2514 967 xv.‘ll.

1448 990 1605 1060 cujus
1616 995 1878 1059 absorptae
1902 995 2192 1059 exemplum
2223 996 2274 1043 in
2296 994 2516 1045 Socrate

1449 1083 1691 1139 superest
1725 1075 1863 1140 apud
1905 1076 2089 1126 AElian.
2114 1064 2236 1126 Var.
2274 1074 2367 1125 lib.
2390 1089 2432 1126 1.
2456 1078 2515 1124 et

1449 1152 1588 1217 apud
1615 1154 1762 1203 alios.
1805 1144 2053 1204 Ver-trun.¹

1516 1231 1738 1293 Frigidis
1746 1229 1854 1291 jam
1874 1232 2070 1282 artubus
2089 1237 2136 1282 et
2152 1234 2307 1284 clauso
2323 1244 2516 1297 corpore

1446 1310 1668 1358 adversus
1683 1310 1780 1358 vini
1798 1308 1984 1379 ueneni]
2017 1309 2081 1359 In
2099 1310 2245 1374 regio
2263 1308 2518 1361 volumine

1450 1382 1664 1450 leg'itu'r,
1688 1386 1918 1448 Frigidus
1925 1386 2035 1446 jam
2052 1392 2189 1435 anus
2208 1391 2254 1436 et
2273 1388 2398 1435 cluso
2412 1401 2516 1448 cor-

1442 1477 1559 1537 pcre
1578 1464 1798 1512 adversus
1817 1462 1914 1511 vim
1932 1464 2115 1512 veneni.
2180 1462 2370 1513 Graeca
2392 1476 2515 1512 con·

1447 1538 1672 1588 structio
1695 1545 1796 1599 est,
1821 1536 1910 1586 sed
1938 1536 2214 1586 Historicis
2248 1537 2516 1601 permissa.

1449 1615 1721 1666 Rhenanus.
1754 1616 2011 1666 Dauesius
2029 1615 2342 1666 emendabat
2361 1633 2376 1677 3
2401 1616 2517 1667 Fri-

1443 1695 1591 1757 gidus
1619 1695 1729 1755 jam
1767 1694 1980 1765 aepjtubus,
2017 1695 2101 1757 ξιτ.
2143 1706 2264 1759 non,
2296 1695 2519 1758 frigidis.

1450 1771 1691 1822 Ursinus.
1759 1771 2016 1822 Brevitati
2045 1770 2274 1821 auctoris
2299 1783 2402 1820 uon
2426 1771 2517 1820 ad·

1448 1849 1657 1898 modum
1680 1847 1880 1900 faciunt
1902 1855 2011 1899 tres
2043 1860 2197 1897 voces
2219 1840 2518 1912 postremae',

1448 1928 1670 1975 adversus
1700 1927 1798 1976 vini
1832 1926 2029 1976 veneni.-
2063 1924 2261 1974 invexit
2289 1939 2376 1973 eas
2416 1922 2521 1974 for-

1449 2004 1750 2067 san‘glossa.
1784 2004 2055 2052 Gruterum.-
2087 2000 2519 2054 Quod-calefacto

1450 2093 1671 2143 corpore
1707 2080 1809 2129 vim
1840 2076 2237 2143 suam-exserit,
2272 2093 2388 2127 cum
2427 2068 2518 2131 na}

1450 2163 1570 2206 tura
1590 2172 1681 2208 sua
1699 2157 1768 2208 sit
1784 2155 2192 2222 frigidissimum,
2214 2163 2273 2205 ut
2288 2150 2521 2207 ostendit

1450 2230 1653 2284 Plinius
1686 2224 1943 2284 'xxv.13.
2007 2232 2240 2297 Ideoque
2280 2231 2518 2298 Athenis,

1451 2309 1540 2374 qui
1559 2310 1785 2360 cicutam
1810 2310 1988 2360 bibere
2025 2308 2308 2370 debebant,
2342 2308 2520 2359 ambu-

1450 2388 1560 2435 lare
1573 2387 1915 2451 jubebantur,
1941 2391 2002 2434 ut
2026 2391 2249 2450 apparet
2277 2400 2343 2435 ex
2367 2385 2522 2437 1²11ae-

1449 2461 1587 2512 done
1611 2463 1881 2513 Platonis
1868 2478 1919 2512 ιιι
1941 2462 2063 2512 fine.
2100 2463 2321 2515 Freinsh.
2406 2478 2413 2489 ·

1445 2574 1450 2581 -
1516 2540 1599 2588 Ita
1610 2541 1840 2590 codicillis
1847 2539 2216 2604 perscripserat]
2236 2541 2518 2606 Supposui,

1442 2618 1830 2682 proescripserat3
1860 2631 2167 2682 quamquam
2205 2630 2289 2665 me
2324 2632 2424 2667 non
2447 2619 2524 2668 la-

1449 2701 1532 2743 tet
1565 2695 1771 2757 elegans
1809 2709 1921 2744 esse
1959 2695 2176 2744 verbum
2210 2695 2519 2762 perscribere,

1449 2777 1506 2820 et
1528 2772 1614 2820 hic
1636 2772 1803 2822 locum
1825 2772 2019 2821 hahere
2045 2785 2211 2836 posse.
2247 2767 2520 2824 Rhenanus.

1447 2860 1456 2872 ·
1516 2848 1651 2897 CAP.
1673 2852 1757 2898 65.
1794 2849 2011 2898 Occisum
2038 2864 2179 2913 opera
2203 2850 2397 2900 Pisonis
2420 2851 2522 2917 Ne-

1447 2925 1631 2988 roneni]
1683 2925 1769 2975 Ita
1801 2926 1934 2976 Flor.
1962 2926 2155 2990 Vulgo,
2192 2941 2279 2991 ope
2314 2911 2521 2979 Pisonis.

1443 3000 1701 3051 Pichena.

1463 3077 1669 3133 Quasi
1688 3077 1886 3138 insonti,
1902 3078 2186 3127 claritudine
2205 3077 2437 3127 virtutum
2457 3079 2523 3127 ad

1446 3114 1937 3217 suminumfastigium
1955 3155 2150 3218 dilecto]
2188 3155 2290 3205 Hic
2311 3156 2522 3221 quidem

1450 3226 1691 3294 copulam
1725 3224 1934 3280 neilus
1970 3245 2073 3280 non
2115 3230 2308 3281 omisit.
2395 3234 2522 3295 Leg.

1447 3309 1584 3371 quasi
1604 3302 1799 3370 insonti,
1816 3313 1864 3357 et
1884 3309 2004 3356 clari
2027 3323 2071 3358 υ.
2092 3307 2197 3372 &cf
2223 3306 2516 3359 Acidalius.

1451 3385 1516 3433 In
1540 3386 1679 3434 Flor.
1717 3385 1930 3448 legitur,
1968 3384 2222 3433 insontib':
2259 3379 2555 3451 quam'ads

1449 3461 1696 3511 ditionem
1717 3475 1816 3525 ego
1838 3461 2064 3512 arbitror
2088 3460 2261 3510 fuisse'·
2275 3456 2520 3525 copulam

1450 3538 1801 3602 pertinentem
1858 3537 1923 3586 ad
1986 3538 2274 3603 sequentia.
2373 3534 2519 3603 Lege

1450 3629 1610 3678 ergo:
1645 3613 1782 3677 quasi
1815 3613 2012 3677 insonti,
2033 3619 2083 3663 et
2103 3614 2387 3664 claritudine
2420 3614 2520 3663 vir-

1448 3697 1626 3754 tutum,
1645 3693 1724 3755 ⁸5⁶·
1760 3691 2008 3741 Piehena.
2074 3692 2160 3742 Sic
2181 3691 2292 3741 haec
2311 3691 2523 3756 conjun-

1450 3769 1639 3832 genda,
1701 3769 1879 3818 insonti
1931 3768 2218 3817 claritudine
2268 3768 2519 3819 virtutum

1450 3849 1613 3908 Male,
1637 3848 1724 3913 qui
1760 3848 2143 3907 distinxerunt;
2178 3844 2357 3897 sextus
2381 3846 2520 3897 euim

1450 3940 1602 3975 casus
1625 3925 1709 3974 hic
1731 3932 1830 3986 est,
1851 3938 1952 3972 non
1978 3923 2181 3973 tertius.
2217 3922 2436 3973 Freinin.

1519 4002 1657 4052 CAP.
1680 4005 1763 4050 66.
1797 4000 2018 4049 Aci-ensis
2047 4000 2283 4049 indicibus
2313 4001 2377 4049 ad
2406 4014 2519 4063 pro

1450 4081 1655 4128 «lendum
1700 4077 1903 4131 Fenium
1947 4075 2153 4138 Rufum]
2187 4077 2384 4154 Vocem
2427 4074 2519 4124 ad-

1452 4155 1584 4204 dunt
1605 4155 1744 4204 Flor.
1769 4169 1830 4204 ac
1855 4154 1985 4205 Ven.
2007 4140 2231 4203 Aci-ensis
2250 4165 2424 4217 quoque
2443 4151 2522 4201 in·

1449 4232 1649 4282 ilicibus.
1680 4230 1931 4281 Piche‘na.
2110 4252 2121 4259 ·

1520 4309 1732 4358 Instanti
1753 4306 2093 4427 minitantique
2107 4288 2333 4401 renidens
2357 4304 2519 4413 Sceni-
