3009 4942
762 430 911 480 Lis.
959 431 1071 480 111.
1117 430 1282 492 car,
1325 410 1433 481 21.
1478 429 2031 484 Hls‘roRIARUM.

355 573 511 637 θυαε
540 574 764 636 coloniam
791 575 932 638 plano
964 575 1132 639 sitam]
1182 575 1268 625 Ita
1306 576 1390 626 in,

298 651 402 702 Mu.
431 651 596 701 libro:
631 667 733 701 non
769 653 822 702 in
836 656 997 717 plano.
1062 654 1148 703 Sic
1187 644 1359 703 infra}

293 728 313 756 ‘
340 728 544 777 Turrim
565 728 735 780 vicino
757 729 942 792 sitam,’
977 746 1072 793 pro
1105 731 1157 780 in
1178 731 1333 780 vicino
1348 747 1365 780 .-

296 818 460 867 quare
497 806 918 869 praepositionem
959 809 1012 857 in
1048 808 1365 861 sustulimus.

295 880 516 933 Rham.
586 883 781 932 Nescio
802 899 868 933 an
892 884 1131 934 Muretus
1159 884 1367 934 audien-

294 958 415 1021 dus,
437 960 526 1022 qui
548 961 973 1023 praepositionem
1004 961 1172 1024 addit,
1198 963 1249 1010 in
1262 963 1366 1024 pla-

290 1050 372 1092 no.
440 1035 660 1086 Credam
694 1040 927 1089 consulto
950 1054 982 1088 a
1011 1039 1193 1089 Tacito
1214 1040 1365 1089 omis-

294 1126 427 1175 sam,
462 1121 522 1164 ut
558 1114 684 1165 alias
703 1115 813 1178 ejus
836 1116 1037 1179 generis
1058 1116 1183 1166 alibi
1210 1117 1362 1167 solet.

292 1188 449 1240 Infra
471 1191 679 1256 quidem
705 1192 862 1242 etiam
901 1193 1051 1244 abest
1087 1193 1138 1241 in
1180 1194 1364 1243 eadem

290 1267 487 1331 phrasi,
526 1269 763 1318 ‘Turrim
800 1271 968 1321 vicino
1002 1270 1194 1320 sitam!
1262 1270 1364 1319 Sed

294 1352 356 1394 et
377 1345 449 1395 ibi
471 1345 691 1397 eandem
710 1348 956 1398 inculcat.
1022 1348 1139 1398 Hoc
1162 1363 1363 1413 qnoque

292 1421 388 1472 lib.
459 1423 475 1450 ‘
501 1422 742 1488 Namque
785 1430 842 1472 et
879 1423 1135 1486 Africam,
1179 1424 1364 1475 eodem

291 1499 462 1548 latere
497 1500 665 1559 sitam,
704 1506 845 1550 terra
866 1501 1098 1564 marique
1121 1500 1363 1550 invadere

292 1567 548 1639 parabat!
613 1577 726 1626 Lib.
761 1592 814 1627 v,
854 1586 1027 1629 tamen
1059 1578 1202 1627 Hist.
1239 1578 1364 1640 legi-

292 1659 401 1714 tur,
423 1655 438 1680 ‘
457 1659 728 1718 castraque
751 1655 806 1703 in
827 1656 985 1718 plano
1008 1655 1111 1704 sita
1127 1655 1179 1706 vi
1199 1653 1365 1706 flumi-

293 1729 377 1779 nis
401 1727 813 1786 differebantur!
848 1733 1036 1782 Acidal.

360 1808 431 1856 Et
454 1806 679 1866 nmiorem
706 1808 922 1872 rapiendi
956 1806 1218 1871 licentiam]
1266 1809 1363 1859 Le·

293 1899 380 1947 go,
414 1886 514 1935 sed.
565 1884 800 1935 Rhenan-
869 1884 1129 1935 Danesins
1152 1899 1215 1934 ex
1241 1899 1288 1935 v.
1313 1901 1360 1935 c.

291 1961 522 2025 legebat,
551 1963 634 2011 sed
654 1961 984 2023 major-emm.
1017 1975 1136 2010 nam
1158 1976 1223 2010 ex
1246 1976 1364 2024 par·

294 2038 459 2088 ticala
477 2038 577 2100 sed,
612 2036 753 2087 facta
773 2044 856 2093 est
875 2039 1070 2102 copula
1088 2043 1154 2099 et,
1175 2039 1363 2089 omissa

290 2119 468 2181 litera,
491 2119 559 2168 ob
580 2125 862 2168 extremam
883 2119 1231 2183 praecedentis
1248 2133 1364 2169 ver-

293 2194 369 2260 bi,
392 2194 774 2258 irrumpentimw.
810 2195 1049 2245 Ursinus.

357 2271 672 2324 Clementiam
692 2276 740 2320 et
755 2273 960 2335 gloriam
979 2272 1144 2323 mia
1164 2271 1364 2336 latum]

295 2344 522 2398 Videtur
543 2347 837 2419 legendum,
870 2350 1128 2400 clementia>
1159 2351 1364 2411 gloriam

292 2425 482 2476 minem
501 2428 696 2488 laturos,
725 2429 807 2490 &a
845 2442 939 2491 pro
963 2441 1042 2491 eo,
1063 2428 1199 2492 quod
1220 2441 1363 2479 men-

299 2501 427 2553 dose
449 2505 645 2567 legitur
668 2505 722 2553 in
743 2505 981 2568 vulgatis,
998 2506 1294 2555 clementium
1313 2509 1364 2554 et

157 2574 200 2608 ⁸*
289 2582 498 2644 gloriam
541 2582 704 2632 inania
750 2583 944 2645 laturos,
983 2583 1066 2644 esc.
1123 2581 1360 2633 Ursinus.

298 2659 561 2722 Mun-etue,
611 2658 875 2708 clementia
909 2659 1117 2719 gloriam
1156 2657 1361 2709 inanem.

295 2735 421 2785 Non
448 2748 650 2799 sequor.
718 2734 916 2784 Eadem
951 2733 1152 2798 vulgati
1186 2734 1265 2784 vis
1304 2741 1363 2784 et

295 2810 546 2875 frequens
567 2812 748 2861 Tacito
770 2809 940 2874 figura
965 2810 1080 2860 haec
1114 2810 1362 2861 sermonis

296 2887 348 2937 ἓν
382 2888 461 2937 διὰ
480 2890 621 2952 δυοῖν,
652 2890 946 2939 clementiam
972 2892 1020 2937 et
1048 2888 1274 2950 gloriam,
1305 2887 1361 2937 id

294 2972 397 3029 est,
419 2966 713 3015 clementiae
736 2966 968 3029 gloriam.
1033 2965 1120 3014 Sic
1143 2965 1209 3015 de
1230 2980 1362 3015 mor.

293 3043 480 3093 Germ.
512 3045 527 3072 ‘
554 3042 816 3111 Occidere
852 3043 1037 3105 solent,
1068 3057 1174 3099 non
1211 3042 1363 3093 disci-

295 3121 441 3184 plina
485 3128 541 3171 et
581 3123 883 3184 severitate,
931 3121 1023 3173 sed
1065 3120 1264 3184 impetu
1306 3126 1363 3171 et

295 3197 409 3247 ira!
470 3196 611 3247 Hist.
634 3199 670 3247 l.
695 3211 767 3249 1v.
800 3200 814 3226 ‘
836 3197 952 3247 Nec
974 3196 1191 3261 perinde
1231 3196 1363 3262 peri-

298 3275 474 3325 culum
494 3281 583 3326 aut
604 3281 792 3339 metus,
827 3290 978 3339 quam
1002 3273 1169 3339 pudor
1192 3289 1256 3325 ac.
1276 3274 1364 3327 de-

301 3352 467 3401 decus
491 3351 910 3416 obstupefecerat
930 3352 961 3402 :'
998 3351 1051 3400 id
1074 3357 1173 3415 est,
1192 3357 1365 3402 metus

267 3429 518 3492 *periculi
559 3436 617 3478 et
648 3430 817 3494 pudor
860 3429 1148 3480 dedecoris.
1226 3428 1361 3479 Eod.

292 3505 390 3555 lib.
430 3506 446 3533 4
472 3505 918 3569 sapientissimum
941 3520 1196 3570 quemque
1220 3519 1364 3554 reve·

295 3582 478 3633 tentia
501 3581 733 3647 fideque,
761 3582 998 3646 juniores
1045 3582 1277 3646 periculo
1299 3597 1361 3633 ac

291 3667 440 3710 metu
487 3660 744 3709 continuit
764 3663 795 3708 ε’
839 3660 896 3709 id
931 3666 1029 3723 est,
1068 3660 1362 3709 reverentia

290 3737 419 3788 fidei
442 3744 499 3788 et
520 3738 738 3802 periculi
758 3744 916 3803 metu.
978 3739 1095 3788 Lib.
1119 3753 1174 3787 v·
1196 3739 1210 3766 4
1237 3737 1364 3786 Ter-

293 3813 355 3865 ra
399 3814 652 3880 finesque,
691 3830 795 3880 qua
833 3814 899 3864 ad
944 3815 1218 3867 Orientem
1250 3829 1362 3865 ver·

293 3900 444 3958 gunt,
465 3892 665 3943 Arabia
686 3893 1057 3943 terminantur!
1087 3893 1280 3947 acidae.

362 3969 463 4019 Sed
486 3971 618 4033 opes]
646 3971 847 4034 Malim,
868 3975 916 4020 et
936 3985 1060 4034 opes.
1093 3971 1329 4023 Rhenau.

362 4046 561 4097 Daaitae
599 4049 663 4097 ad
703 4050 843 4099 daces
880 4049 1142 4112 pertinere]
1189 4046 1219 4076 ⁴*
1260 4062 1361 4097 nen

294 4124 557 4174 militum!
637 4124 871 4190 Ideoque
914 4126 930 4153 ‘
954 4126 1186 4191 praedam
1219 4125 1362 4177 urbis

296 4200 493 4253 oeditae
529 4199 596 4250 ad
634 4200 794 4251 duces
833 4202 1131 4265 pertinere,'
1170 4203 1363 4255 Corne-

295 4277 396 4327 lius
413 4275 582 4327 'dart
604 4292 670 4326 ex
680 4278 1046 4340 jure-militari.
1082 4280 1230 4331 laem.

362 4355 499 4411 CAP-
528 4358 614 4405 2⁰.
665 4354 875 4405 Batiam
917 4361 966 4405 et
1004 4357 1218 4420 consilia,
1255 4352 1380 4418 &ix-J.

2329 419 2529 501 4247,

1438 574 1635 629 Nescio
1678 575 1969 627 addendum
2010 592 2076 628 an
2121 578 2507 643 subintelligen-

1439 654 1561 707 dum
1599 654 1804 717 saltem,
1838 654 1912 704 ita
1933 656 2133 719 ratione,
2153 658 2235 719 fise.
2302 656 2504 707 Clarior

1438 745 1618 780 sensns
1642 731 1743 781 sit:
1780 732 1872 781 sed
1908 732 2149 793 omittere
2184 731 2342 785 etiam
2378 731 2529 796 alibi*

1439 814 1622 860 auctor
1639 808 1790 859 solet.
1825 808 2083 860 Acidaliae.

1497 885 1621 934 ἱΝωι
1663 886 1704 934 si
1745 887 1963 951 pateant]
2026 887 2285 951 Rodolphi
2344 888 2505 947 lectio

1440 960 1594 1010 valde
1611 961 1738 1010 mihi
1762 961 1976 1027 arridet,
1994 962 2167 1014 nescio
2191 978 2254 1012 an
2278 977 2308 1012 a
2329 963 2504 1015 libris:

1438 1053 1533 1087 non
1552 1039 1596 1089 si
1612 1043 1812 1102 pateant
1840 1045 2013 1103 φονέα,
2041 1056 2136 1091 non
2169 1042 2267 1103 die,
2304 1042 2398 1091 nisi
2419 1057 2503 1093 ex·

1434 1116 1621 1178 plorato
1643 1116 1940 1173 intrandam.
1969 1118 2110 1183 Lips.
2524 1172 2529 1179 ,

1505 1192 1588 1241 Aa
1624 1192 1838 1256 operibns
1881 1199 1930 1242 et
1972 1195 2121 1245 vineis
2159 1193 2506 1260 aggredienda]

1440 1269 1658 1319 Foednm
1713 1270 1967 1333 glossema
2020 1272 2074 1320 in
2127 1272 2267 1322 Flor.
2324 1271 2506 1321 codice

1438 1345 1687 1396 insertum
1735 1346 1868 1397 fuit:
1922 1349 2059 1413 quod
2108 1349 2220 1412 ipse
2264 1348 2506 1398 librarius

1439 1420 1577 1474 forte
1618 1424 1847 1487 agnovit,
1881 1424 2104 1490 ideoque
2140 1425 2504 1489 circumscrip-
2562 1438 2577 1449 ⁴

1438 1497 1528 1547 sit.
1593 1499 1717 1548 Fuit
1748 1504 1923 1548 autem
1953 1499 2273 1565 hujusmodi:
2309 1515 2372 1549 an
2403 1516 2508 1564 ope-

1436 1573 1569 1624 ribus
1589 1580 1636 1624 et
1658 1575 1813 1625 vineis
1831 1576 2232 1639 (machinamenti
2260 1592 2412 1639 genas
2441 1579 2505 1627 ad

1437 1653 1774 1714 expugnandos
1793 1666 1965 1716 maros,
1997 1653 2050 1702 in
2081 1654 2269 1703 modum
2301 1654 2527 1705 turriam.

1422 1727 1651 1791 factam)
1671 1730 1996 1790 aggredienda
2016 1728 2124 1778 urbs
2133 1727 2285 1790 soret.
2321 1730 2469 1780 Pich.

1504 1804 1637 1855 Nam
1667 1820 1848 1855 secures
1878 1806 2197 1869 dolabrasque,
2229 1811 2277 1856 et
2310 1806 2505 1870 coetera]

1440 1880 1571 1944 Nos,
1590 1881 1738 1932 ‘Nam
1757 1897 1954 1947 secures,
1985 1883 2218 1946 dolabras,
2251 1888 2299 1932 et
2329 1888 2504 1933 caetera

1436 1971 1644 2020 eoepugn.
1683 1959 1836 2009 urbib.
1870 1974 2024 2010 seeum
2044 1959 2332 2010 attulissent.
2367 1960 2503 2010 Rhe·

1436 2046 1615 2083 nanus.
1681 2036 1953 2099 Copulam,
1972 2050 2076 2099 que,
2096 2035 2149 2084 in
2170 2037 2393 2101 vulgatis
2418 2053 2505 2086 va-

1436 2119 1647 2169 cantem
1666 2129 1732 2163 ex
1753 2115 1894 2164 Flor.
1917 2113 2140 2163 restitui.
2182 2115 2403 2165 Picloena.

1500 2189 1727 2241 Advectis
1762 2191 2010 2241 temnentis
2049 2190 2368 2254 machinisque
2407 2193 2503 2240 vim

1435 2265 1797 2330 victoriamque]
1829 2267 2113 2331 Exemplar
2130 2266 2373 2316 Budense
2392 2273 2503 2316 tan-

1438 2347 1548 2392 tum
1589 2341 1767 2406 habet,
1808 2343 2157 2406 tormentisque.
2222 2343 2385 2392 Forte
2429 2343 2502 2393 le-

1436 2419 1682 2484 gendum,
1761 2421 1969 2471 advectis
2028 2420 2277 2470 tormentis
2316 2420 2527 2485 vimque,

1434 2496 1784 2560 victoriamque.
1818 2496 2112 2549 Rhenanus.
2272 2539 2280 2545 .

1505 2575 1796 2638 Coeteraque,
1816 2589 1919 2636 quoe
1937 2574 2045 2622 usui
2052 2571 2236 2637 forent,
2255 2574 2502 2638 allaturos]

1437 2651 1723 2716 castigavi,
1776 2656 2036 2714 eceteraqae
2088 2652 2196 2700 usai
2254 2651 2500 2701 allaturos.

1434 2729 1594 2790 Item,
1621 2743 1766 2790 vagos
1784 2742 1846 2777 ex
1870 2727 2268 2779 Cremonensibus.
2302 2727 2468 2778 Idem.

1501 2806 1638 2855 cst.
1661 2810 1744 2859 21.
1777 2805 1961 2861 Sistere
1983 2803 2174 2854 tertiam
2197 2804 2428 2867 legionem
2449 2804 2527 2869 in·

1434 2882 1561 2948 ipso]
1594 2882 1658 2933 In
1680 2883 1911 2933 Florent.
1934 2897 1996 2932 ac
2018 2882 2152 2932 Ven.
2174 2880 2382 2943 legitur,
2404 2886 2501 2929 ter-

1436 2960 1782 3015 tiamaecimm
1835 2959 2083 3021 legionem,
2133 2957 2274 3023 quod
2328 2957 2500 3006 verius

1437 3051 1664 3100 cense03
1721 3043 1876 3103 atque
1920 3036 2137 3087 eandem
2182 3050 2312 3098 esse,
2345 3050 2521 3100 quam⁸

1434 3115 1611 3167 Tacit.
1649 3130 1824 3179 supra,
1862 3113 2297 3165 Tertiamdecimam
2337 3113 2503 3165 Gemi-

1435 3204 1550 3245 nam
1582 3193 1850 3256 appellat:
1886 3190 1901 3218 ‘
1924 3190 2038 3239 dnae
2060 3190 2314 3254 legioneS,
2333 3189 2524 3252 Septi·‚

1433 3284 1522 3317 ma
1555 3269 1834 3329 Galbiana,
1862 3265 2243 3316 Tertiadecima
2263 3265 2527 3329 Gemina„

1393 3345 1398 3349 ’
1436 3360 1556 3397 cum
1578 3345 1747 3396 Vedio
1768 3344 1962 3408 Aquila
1997 3346 2190 3406 legato,
2223 3344 2523 3400 Patavium.

1435 3423 1631 3473 alacres
1653 3420 1902 3470 veniunt!
1934 3419 2034 3469 Hae
2056 3417 2266 3468 fuerunt
2282 3434 2347 3469 ex
2367 3419 2502 3471 Pan-

1435 3497 1621 3551 nonico
1633 3496 1894 3549 exercitu:
1916 3509 2033 3545 nam
2050 3495 2138 3545 lib.
2154 3495 2382 3559 praeced.
2396 3495 2499 3545 ait:

1437 3576 1452 3603 ‘
1474 3574 1551 3627 At
1568 3573 1622 3623 in
1645 3572 1917 3625 Pannonia
1935 3571 2316 3622 Tertiadecima
2345 3573 2506 3636 legio,

1435 3667 1497 3705 ac
1526 3650 1761 3715 Septima
1780 3650 2059 3714 Galbiana,
2089 3650 2321 3700 dolorem
2352 3650 2504 3699 iram-

1434 3743 1538 3793 que
1561 3727 1923 3779 Bedriacensis
1946 3741 2134 3791 pugnae
2168 3726 2454 3776 retinentes
2469 3723 2505 3774 ι’

1434 3816 1491 3859 et
1514 3809 1581 3859 de
1614 3807 1799 3857 iisdem
1828 3804 1996 3859 infra:
2032 3806 2046 3833 4
2072 3819 2165 3854 cur
2198 3803 2501 3867 resumpsis-

1436 3892 1555 3943 sent
1577 3899 1736 3948 arma,
1751 3883 2075 3933 Pannonicas
2096 3881 2326 3943 legiones
2348 3880 2503 3928 inter-

1435 3960 1686 4025 rogabat?
1755 3959 1910 4010 Quod
1931 3966 2106 4008 autem
2125 3956 2212 4004 hic
2235 3956 2469 4020 sequitur
2488 3970 2515 4009 z,
2557 4002 2559 4004 ,

1434 4041 1449 4065 4
1475 4053 1593 4088 mox
1614 4035 1977 4086 tertiadecima
1996 4032 2166 4081 densis
2184 4031 2407 4081 arbustis
2430 4032 2505 4080 in-

1438 4120 1672 4178 tersepta
1687 4113 1720 4163 ε’
1754 4112 1990 4177 suspicor
2012 4108 2307 4174 legendum,
2340 4107 2523 4173 tertia‚‚

1418 4185 1556 4257 'quae
1580 4192 1717 4257 inter
1736 4187 2039 4252 Vespasiani
2061 4187 2309 4251 legiones,
2329 4184 2382 4233 id
2405 4189 2506 4254 est,

1436 4283 1504 4317 ex
1528 4265 1745 4315 Moesico
1768 4264 2004 4315 exercitu
2025 4277 2165 4326 saepe
2185 4267 2485 4312 recensetur

1436 4347 1666 4398 Piclmm.
