3009 4942
486 494 652 557 tores'
670 498 974 567 Principem
1010 499 1344 568 adaequatos,
1382 501 1555 566 spatio

483 582 660 646 ‘aliquo
673 580 979 643 interjecto,
1002 594 1063 628 ac
1086 579 1462 629 dissimulatos:
1501 579 1557 627 il·

481 661 594 712 lum
619 676 741 711 vero
763 649 1005 722 tanquam
1027 660 1188 708 solum
1207 659 1557 723 praegredien-

487 744 616 802 tem,-
631 753 692 787 ac
712 751 1074 801 nonnunquam
1097 735 1237 783 rixas
1252 750 1369 785 cum
1393 742 1556 784 trans-

485 814 732 864 euntibus
804 819 1144 878 quaerentem,
1201 812 1436 875 jussisse,
1496 817 1556 861 ut

488 890 614 941 dum
636 889 841 939 modice
860 903 922 937 ac
946 888 1056 937 sine
1080 888 1313 952 periculo
1331 902 1413 937 res
1436 902 1557 952 age-

482 973 652 1028 retur,
696 966 793 1029 ipsi
829 965 1161 1026 absisterent,
1183 979 1279 1014 uec
1318 979 1558 1013 accurre-

488 1049 640 1103 rent3
710 1056 828 1090 nam
871 1041 980 1089 sine
1003 1068 1008 1071 -
1032 1041 1235 1103 urgenti
1286 1038 1558 1090 occasione

488 1119 734 1183 cognosci
758 1117 982 1167 nolebat.
1046 1115 1151 1165 Sed
1182 1116 1225 1164 si
1258 1130 1289 1165 a
1310 1106 1447 1165 laesis
1470 1129 1558 1164 va-

485 1195 642 1247 lidius
656 1195 1004 1254 resisteretur,
1022 1199 1147 1242 tunc
1163 1191 1397 1242 subsidio
1411 1192 1561 1241 ades·

488 1280 626 1338 sent,
691 1286 932 1335 armaque
991 1268 1265 1320 inferrent.
1330 1270 1556 1319 Picbmo.

489 1350 615 1400 Non
639 1355 784 1399 recte
825 1350 1082 1408 Muretus,
1102 1350 1325 1396 sererent.
1382 1346 1559 1395 Relin-

483 1428 577 1494 qui
600 1428 736 1477 enim
775 1427 1038 1488 vulgatum
1059 1425 1266 1473 αἰπειναί
1298 1423 1560 1473 sententia

492 1505 624 1554 vult.
657 1503 921 1554 Acidalius.

555 1580 708 1631 Arma
729 1578 987 1641 inferrent]
1040 1579 1364 1644 scripsimus,
1379 1579 1556 1640 infere-

490 1658 621 1708 bant.
655 1658 955 1707 Rhenanus.
1010 1656 1202 1706 Veneti
1219 1655 1416 1705 codicis
1438 1671 1558 1707 auc·

489 1735 705 1784 toritate
722 1733 927 1795 scripsi,
949 1732 1201 1793 inferrent.
1232 1733 1403 1796 Supra
1417 1734 1556 1782 enim

485 1808 641 1872 dixit,
657 1811 880 1858 sinerent.
946 1810 1118 1872 Vulgo
1139 1807 1425 1869 irvferebant.
1466 1810 1558 1858 Pi-

490 1887 668 1937 chena.
704 1887 866 1935 Recte
887 1885 1144 1947 Muretus,
1158 1885 1404 1947 inferrent.
1436 1885 1559 1935 Aci·

493 1963 681 2013 daliuS.

535 2042 628 2090 ·Et
643 2041 881 2102 puniaris
904 2045 1055 2089 motu
1086 2039 1288 2104 terrore]
1338 2038 1451 2088 Nos
1476 2053 1557 2088 re-

490 2119 771 2183 posuimus,
803 2133 866 2168 ex
894 2117 1133 2180 gravioris
1170 2121 1324 2165 motus
1357 2120 1555 2165 terrore.

489 2197 783 2247 Rhenanus.
859 2238 866 2242 .

511 2302 526 2313 υ
554 2273 693 2323 Car.
719 2277 801 2323 26.
847 2272 1179 2335 Persen-ipsae
1197 2276 1355 2320 tamen
1374 2284 1560 2319 consen·

486 2349 615 2412 sam]
678 2351 845 2399 Miror
866 2349 919 2398 in
943 2349 1231 2412 exemplari
1265 2347 1411 2411 regio
1440 2359 1558 2403 esse

488 2428 542 2479 in
562 2444 861 2480 consensum.-
911 2434 967 2477 et
1005 2427 1085 2476 ille
1101 2442 1164 2476 an
1184 2431 1365 2476 auctor.
1395 2450 1400 2457 -
1430 2424 1559 2474 Mox

488 2519 595 2557 non
616 2513 715 2570 est,
737 2507 926 2555 vivre-an
954 2519 1105 2568 σφω,
1137 2504 1229 2554 sed
1266 2501 1488 2565 tantum,
1510 2501 1560 2551 ci

487 2600 553 2636 un
586 2601 732 2649 aequo.
816 2582 971 2634 Quod
1008 2583 1280 2647 sequitur3
1328 2581 1573 2631 comita·-

486 2666 612 2725 κτα,
632 2660 808 2710 malim
837 2674 952 2723 ego,
984 2658 1321 2721 commarcuit,-
1368 2664 1426 2707 et
1462 2671 1560 2721 pro

487 2737 733 2800 impulere,
751 2736 947 2800 implere
964 2736 1038 2785 vel
1067 2750 1270 2799 poenam.
1323 2734 1557 2784 Rhenan.

487 2811 566 2863 Ut
587 2812 783 2863 scireut
813 2827 879 2862 au
912 2812 999 2860 ille
1020 2819 1204 2861 auctor
1225 2811 1560 2861 constitutio·

488 2889 571 2939 nis
592 2889 763 2952 fieret,
786 2895 972 2953 utpote
989 2903 1105 2953 quae
1129 2903 1159 2936 a
1179 2889 1359 2952 paucis
1380 2893 1560 2952 postu·

488 2967 705 3027 leretur,
736 2973 793 3016 et
825 2966 1098 3014 sententiae
1132 2963 1356 3032 plurimu
1378 2964 1561 3013 adver·

492 3042 583 3093 sis.
647 3042 844 3092 Scribit
865 3041 1003 3090 enim
1023 3055 1195 3105 supra,
1230 3041 1335 3089 Nec
1362 3042 1561 3093 deerm

491 3119 575 3182 qui
612 3124 867 3180 censerent,
905 3125 1151 3182 tanquam
1193 3118 1234 3167 si
1279 3132 1559 3167 consensus

491 3200 698 3245 senatus
720 3194 857 3243 aliud
881 3194 1216 3244 decerneret.
1289 3194 1558 3258 Deinceps

493 3286 613 3337 quae
637 3277 927 3336 sequuntur
949 3271 1024 3320 ita
1058 3271 1277 3336 legenda
1299 3272 1555 3322 arbitror:

487 3352 543 3398 ut
565 3363 623 3398 ne
660 3364 792 3412 aequo
823 3364 929 3397 cum
959 3350 1174 3411 patronis
1199 3349 1317 3409 jure
1347 3356 1559 3414 agerent,

488 3426 768 3475 mentium
797 3440 953 3474 eorum
986 3429 1333 3477 conculcarent.-
1382 3442 1438 3476 oc
1457 3442 1559 3476 ver-

488 3502 674 3553 beribus
691 3518 856 3551 manus
886 3506 1009 3553 ultro
1041 3505 1353 3554 intenderent.
1419 3506 1558 3556 Nam

491 3592 610 3629 eum
631 3579 797 3642 major
820 3589 960 3629 esset
982 3580 1168 3643 injuria
1201 3595 1351 3644 quam
1391 3596 1577 3645 pteris,-

490 3653 620 3705 satis
660 3654 1057 3707 dissuadebatur
1089 3657 1394 3706 verberibus
1429 3657 1558 3707 infe-

490 3730 684 3789 tendis,
721 3738 776 3783 et
814 3733 1007 3795 injuria
1041 3734 1352 3785 lacessendis
1382 3744 1557 3798 patro-

491 3806 626 3857 nis.·
680 3809 808 3864 Quid
863 3809 985 3858 enim
1038 3811 1183 3874 uliud,
1228 3811 1413 3876 inquit,
1456 3816 1575 3863 &cs

487 3883 753 3941 Ferratus.
823 3887 992 3941 Locus
1016 3889 1419 3939 maculatus1bic
1456 3898 1558 3951 est,

490 3959 536 4009 si
561 3961 826 4024 quisquam
850 3961 900 4009 in
927 3963 1259 4012 Cornelianis.
1325 3964 1412 4013 Ita
1431 3980 1555 4014 vero

488 4048 557 4087 ex
598 4038 838 4099 opinione
880 4046 1056 4087 nostra
1100 4039 1321 4103 legetur,
1361 4047 1415 4090 ut
1446 4044 1556 4102 jam

488 4131 621 4180 cequo
639 4132 744 4177 cum
771 4119 986 4185 patronis
1003 4118 1118 4178 jure
1138 4126 1353 4183 agerent,
1373 4127 1556 4171 senten·

487 4193 612 4249 tiam,
631 4207 794 4247 earum
811 4197 1095 4258 conculcare,
1126 4211 1183 4245 ac
1219 4202 1273 4247 ut
1294 4198 1579 4249 verberibus.

490 4282 656 4331 masta
694 4270 819 4319 ultro
860 4268 1176 4339 intenderent,
1203 4274 1447 4349 s‘nwellere
1482 4279 1570 4332 νεῖ

1193 356 1409 409 No'rAE
1456 357 1861 411 vammum
1905 356 1987 409 IN

1629 516 1813 568 paenam
1847 518 1983 554 suam
2020 501 2356 553 amentes.
2424 498 2719 567 ‘Equidem‘

1631 581 1721 630 ubi
1759 588 1865 630 tam
1902 582 2096 630 Beatus
2137 595 2290 643 quam
2315 576 2549 630 AEmilius
2569 592 2703 642 ope·

1632 671 1740 706 ram
1789 656 2141 721 scriptumque
2184 656 2437 718 luserunt,
2479 668 2707 718 magno·

1631 740 1759 797 pere
1779 748 1862 783 me
1877 734 2116 783 haesitare
2133 730 2403 792 confiteor,
2414 745 2481 780 au
2496 729 2705 796 aliquid

1633 818 1881 863 extremae
1912 812 2157 862 clausulae
2196 810 2351 878 desit.
2432 810 2510 860 Ut
2541 809 2707 859 litera

1633 903 1689 939 se
1710 890 1901 939 habere
1918 895 2113 953 potest,
2135 888 2298 953 qualis
2327 887 2494 953 qualis
2516 887 2713 937 sensui

1630 967 1716 1017 hic
1737 974 1851 1017 est:
1903 968 1984 1016 Ex
2017 965 2438 1016 dissentientibus
2467 964 2705 1029 quidam,

1633 1043 1755 1093 dum
1791 1043 2128 1093 inclamarent
2173 1057 2266 1107 per
2302 1042 2596 1092 libertatem
2631 1054 2707 1089 eo

1632 1136 1792 1187 usque
1813 1120 2209 1171 irreverentiam
2230 1118 2473 1178 crevisse,
2495 1123 2554 1166 ut
2581 1115 2706 1179 jam

1633 1200 1804 1250 omnia
1841 1199 2037 1260 liberti,
2068 1197 2359 1262 promiscuo
2394 1196 2536 1259 jure,
2577 1198 2719 1242 cum‘

1634 1278 1864 1342 patronis
1878 1284 2093 1341 agerent
2113 1294 2128 1337 ς
2151 1276 2368 1324 aliorum
2385 1268 2723 1323 sententiaru‘

1634 1355 2043 1405 conculcabant:
2097 1359 2153 1402 et
2192 1350 2577 1416 persuadebant
2612 1348 2708 1398 vel

1633 1446 1839 1496 poenam
1861 1445 2004 1481 suam
2027 1426 2461 1489 dissuadentibus,
2472 1431 2532 1476 ut
2545 1432 2708 1490 spon-

1633 1514 1687 1557 te
1704 1520 1882 1556 manus
1902 1505 2203 1556 verberibus
2225 1501 2591 1553 intenderent:
2621 1507 2707 1565 et,

1632 1590 1693 1633 ut
1717 1583 1918 1634 Nonius
1941 1581 2178 1646 exponit,
2194 1581 2525 1631 innecterent
2555 1583 2611 1628 et
2637 1577 2705 1627 il-

1631 1663 1868 1727 ligarent.
1927 1662 2143 1711 Venti-an.
2209 1659 2429 1709 Mutilus
2454 1661 2722 1707 censetur-

1632 1740 1797 1802 locus,
1814 1747 1869 1788 et
1893 1745 1974 1788 est
1996 1735 2227 1787 fortassis
2243 1751 2262 1786 :
2299 1734 2500 1785 restitui
2522 1740 2704 1783 tamen

1633 1816 1843 1867 videtur
1863 1816 1940 1864 ita
1961 1828 2134 1880 posse,
2174 1803 2302 1861 nitiil
2324 1817 2383 1861 ut
2406 1809 2589 1860 deesse
2611 1823 2707 1872 ap-

1632 1898 1833 1956 pareat.
1897 1890 2143 1942 Teutavit
2165 1889 2388 1953 Lipsius,
2406 1891 2505 1937 ὅτε.
2549 1885 2702 1953 (Vid.

1633 1970 1827 2034 Delph.
1868 1966 2021 2032 Not.)
2087 1964 2189 2015 Sed
2213 1979 2318 2014 non
2341 1964 2548 2027 placet3
2598 1976 2704 2013 nee

1632 2061 1763 2111 opus
1786 2052 1930 2096 tanta
1950 2043 2256 2093 mutatione.
2322 2041 2449 2091 Levi
2472 2039 2713 2105 partica--

1632 2124 1798 2175 larum
1843 2122 2077 2171 binarum
2119 2117 2430 2183 trajectione
2486 2116 2564 2166 sic
2618 2131 2706 2169 res

1633 2205 1950 2264 peragetur:
1988 2197 2306 2260 Per-scripsere
2342 2199 2382 2245 t.
2416 2210 2460 2245 c.
2487 2193 2542 2243 S.
2574 2194 2616 2247 i.
2650 2209 2703 2242 a.

1631 2275 1983 2326 constitutionis
2016 2280 2071 2324 ut
2092 2273 2241 2340 fleret
2264 2273 2390 2322 inter
2408 2284 2456 2335 p.
2481 2287 2522 2323 s.
2544 2272 2704 2321 diver-
2778 2300 2786 2309 ·

1631 2367 1723 2416 sos,
1745 2358 1793 2402 et
1813 2352 2103 2416 quibusdam,
2127 2353 2208 2413 ξε.
2277 2349 2483 2400 Acidal.
2716 2392 2723 2400 ‚

1700 2431 1789 2480 Ille
1809 2445 1871 2480 an
1892 2429 2080 2493 auctor]
2147 2428 2280 2492 Haec
2301 2428 2463 2479 lectio
2498 2427 2717 2479 ceteris.
2749 2454 2755 2475 ι

1632 2510 1851 2559 multum
1875 2508 2072 2568 anteit:
2124 2513 2179 2556 et
2200 2522 2379 2556 seusus
2396 2508 2583 2557 borum
2604 2494 2706 2556 difss

1631 2585 1784 2636 ficilis
1826 2600 1931 2635 non
1982 2591 2085 2647 est,
2139 2585 2208 2633 da
2260 2598 2493 2649 operam,
2548 2585 2701 2636 scies.

1634 2665 1882 2715 Consules
1903 2670 2047 2714 metu
2069 2661 2317 2727 principis
2340 2661 2703 2712 abstinuerunt

1634 2757 1666 2791 a
1684 2741 1958 2804 relatione,
1980 2738 2304 2804 licet-major
2340 2744 2552 2788 senatus
2583 2754 2704 2803 pars

1632 2834 1837 2883 poenam
1860 2819 2135 2869 decretura
2156 2817 2455 2867 videretur:
2493 2816 2562 2866 ad
2586 2824 2701 2869 eum

1634 2902 1807 2945 tamen
1857 2895 2056 2959 singula
2098 2895 2553 2960 perscripserunt:
2613 2895 2703 2944 ille

1634 2973 1883 3023 adhibitis
1919 2974 2096 3039 paucis
2120 2973 2418 3034 amicorum,
2441 2972 2709 3041 dubitavit·

1630 3051 1718 3114 (ut
1738 3052 1870 3101 solet
1904 3051 1959 3100 in
1981 3051 2201 3101 concilio
2222 3050 2337 3100 fieri
2361 3043 2451 3100 ubi
2471 3051 2625 3114 pauci
2648 3054 2703 3099 et

1634 3125 1969 3197 dissidentes)
1990 3141 2054 3176 an
2078 3127 2179 3177 sibi
2201 3126 2535 3177 decernenda
2563 3132 2717 3177 esset·

1633 3219 1732 3254 nec
1763 3219 1828 3255 ne
1864 3202 2018 3268 p'oena
2056 3204 2387 3254 libertorum:
2439 3202 2503 3251 τὸ
2541 3218 2606 3253 un
2629 3200 2718 3271 οἷν

1630 3280 1756 3344 fert,
1773 3282 2026 3331 hoesitavit.
2091 3281 2309 3331 Solitum
2328 3281 2464 3331 enim
2485 3290 2570 3332 est
2591 3290 2704 3331 nos·

1633 3358 1717 3408 tro
1738 3360 1985 3423 pleraque
2005 3356 2175 3422 silere,
2210 3356 2348 3423 quod
2371 3358 2511 3407 ultro
2532 3372 2713 3409 erum--

1633 3443 1775 3500 pant.
1839 3435 1960 3486 Tac.
1980 3437 2116 3485 Ann.
2141 3448 2234 3484 xv.
2265 3437 2286 3464 ⁴
2309 3449 2411 3485 non
2438 3451 2504 3485 ea
2537 3436 2700 3501 impe-

1633 3514 1816 3561 ratoris
1867 3513 2113 3561 mandata
2179 3511 2372 3561 babere
2428 3512 2700 3575 Corbulo,’

1631 3589 1851 3649 scilicet,
1890 3589 2116 3638 dicebat.
2196 3590 2414 3645 Terent.
2457 3590 2698 3641 Eunucb.

1630 3665 1646 3691 ‘
1673 3665 1865 3717 Omnia
1902 3667 2046 3730 prius
2081 3668 2308 3730 experiri
2351 3683 2507 3733 quam
2543 3668 2699 3718 armis

1629 3742 1916 3805 sapientem
1961 3742 2147 3807 decet!
2230 3743 2572 3808 Subauditur,
2605 3744 2711 3795 uti:

1629 3819 1828 3868 Tacsin
1851 3819 2030 3882 Agric.
2061 3820 2078 3848 ‘
2104 3826 2160 3869 at
2180 3821 2439 3883 Britanni,
2463 3837 2565 3871 non
2603 3824 2720 3873 vir-“³

1632 3900 1761 3957 tute,
1780 3894 1871 3945 sed
1894 3895 2164 3945 occasione
2185 3904 2240 3946 et
2259 3907 2370 3945 arte
2388 3897 2533 3949 ducis
2551 3897 2717 3951 rati-s

1630 3985 1834 4035 nempe,
1877 3987 1933 4024 se
1976 3974 2160 4023 victos.
2256 3974 2393 4023 Ibid.
2452 3976 2469 4003 ‘
2494 3975 2713 4032 Officiis}

1630 4050 1801 4112 potius
1834 4065 1937 4099 non
1961 4056 2269 4115 peccaturos
2289 4052 2319 4112 ;’
2366 4052 2717 4118 intelligitur,-

1631 4126 1943 4188 praeficere.:
1987 4128 2035 4177 N
2044 4142 2145 4176 unc
2168 4127 2328 4176 verba
2357 4126 2719 4193 explicemus&

1629 4203 1734 4253 Qui
1758 4217 1937 4266 poenas
1957 4203 2264 4267 suadebant,
2281 4205 2361 4255 sic
2378 4194 2716 4257 imminua-k
2775 4224 2783 4232 ·

1628 4277 1734 4330 rios
1754 4278 2131 4343 invehebantur
2148 4297 2165 4332 :
2200 4296 2277 4335 ‚eo
2304 4281 2417 4347 ,iam
2439 4270 2693 4343 'evasimus
