3009 4942
498 628 592 664 mn.
658 610 733 660 At
775 621 875 672 ego
919 600 1200 655 dissiluisse
1239 598 1352 647 haec
1388 594 1560 656 video,

490 695 653 754 litque
715 688 901 736 iterum
937 677 1353 751 conglutinanda.
1441 674 1561 725 Quo

499 772 676 816 tamen
722 759 1020 826 reponenda
1063 754 1380 820 potissimum
1425 751 1563 810 loco,

495 840 871 906 aliquantulum
907 834 1102 884 haesito.
1173 829 1319 879 Binis
1353 825 1563 892 quidem

496 918 706 984 possim,
743 922 799 964 et
840 927 989 977 aeque
1023 915 1240 972 utroque
1281 903 1564 954 commode.

498 997 598 1044 Vel
624 1000 682 1044 ut
704 994 778 1041 ita
800 990 1103 1039 ordinentur
1125 1002 1140 1034 ·.
1164 996 1368 1033 recessus
1388 979 1491 1043 ipse
1509 994 1566 1028 oo

495 1073 628 1120 sinus
647 1069 837 1135 (fomae,
863 1066 941 1114 vel
953 1063 1111 1124 sama,
1126 1072 1320 1122 namque
1337 1071 1469 1106 omne
1489 1055 1565 1117 ig—

494 1153 656 1196 notum
693 1162 780 1209 pro
797 1142 1047 1208 magnifico
1068 1136 1180 1200 est,)
1213 1137 1264 1184 in
1297 1135 1418 1183 hunc
1439 1134 1567 1182 diem

497 1224 728 1284 defendit.
799 1223 937 1270 Nunc
959 1217 1206 1277 terminus,
1236 1218 1318 1277 &a
1384 1212 1482 1259 Vel
1508 1215 1566 1259 ut

498 1304 598 1352 ita:
637 1315 839 1351 recessus
873 1299 972 1361 ipse
1004 1311 1058 1343 ac
1079 1295 1208 1341 sinus
1228 1293 1278 1339 in
1300 1291 1422 1338 hunc
1439 1288 1566 1336 diem

499 1377 728 1439 defendit.
800 1377 962 1425 Famae
978 1385 1176 1434 numque
1198 1382 1329 1417 omne
1349 1367 1567 1428 ignotum

494 1471 582 1518 pro
605 1453 852 1518 rnog‘nifico
873 1456 961 1500 est.
1028 1450 1170 1498 Nunc
1201 1444 1446 1502 terminus,
1481 1443 1565 1502 ἔμ’.

498 1533 766 1582 Alterutro
803 1536 946 1579 certe
985 1529 1164 1576 horum
1199 1522 1351 1572 modo
1388 1519 1565 1569 debet.

500 1612 652 1673 Utro,
690 1624 792 1658 non
815 1606 1088 1657 definiam:
1124 1602 1212 1652 sed
1248 1601 1300 1648 in
1341 1599 1564 1662 priorem

497 1687 661 1750 magis
699 1685 957 1735 inclinem.
993 1680 1255 1731 Acidalius.
1325 1675 1451 1738 Legi
1478 1689 1563 1722 ve·

498 1764 608 1825 lim,
626 1765 755 1812 sinus
779 1761 916 1821 fama
937 1761 989 1807 in
1021 1758 1140 1806 hunc
1168 1757 1293 1804 diem
1330 1751 1563 1811 defendit.

501 1842 571 1889 Et
595 1853 657 1888 ea
691 1838 850 1888 lectio
888 1835 1017 1884 facit
1057 1834 1122 1883 ad
1167 1830 1394 1882 auctoris
1425 1842 1564 1876 men-

503 1922 626 1966 tem.
692 1916 888 1964 Forsan
920 1912 1078 1962 etiam
1117 1922 1209 1972 pro
1245 1909 1377 1956 sinuas
1412 1920 1564 1968 repo·

496 1991 727 2040 ‘nendum
748 1989 909 2039 fuerit
937 1989 1075 2036 situs.
1142 1986 1215 2034 Ut
1254 1984 1324 2033 sit
1360 1991 1565 2032 senten·

500 2074 608 2122 tia:
648 2073 806 2121 Fama
824 2071 887 2119 de
903 2075 1101 2118 remoto
1121 2063 1413 2115 Caledoniae
1438 2062 1564 2123 situ,

499 2149 752 2212 incogniti
773 2148 886 2212 ejus
911 2145 1080 2195 aditus
1102 2148 1157 2192 et
1181 2155 1432 2201 recessus,
1475 2139 1564 2188 ad·

501 2240 678 2276 versus
699 2226 1050 2274 Romanorum
1094 2218 1406 2282 irruptiones
1447 2216 1565 2264 hac-

500 2311 650 2351 tenus
673 2318 765 2352 nos
788 2299 1091 2351 defendere.
1116 2295 1432 2345 Boxhornius.
1470 2293 1564 2342 Ni·

492 2380 571 2445 bil
597 2377 896 2429 mutandum
937 2376 1159 2425 Observ.
1181 2371 1271 2422 lib.
1296 2385 1336 2419 1.
1373 2385 1488 2434 cap.
1511 2373 1562 2418 4.

502 2458 812 2506 monuimus·
851 2456 1056 2504 Gronov.

569 2534 709 2584 Nihil
730 2531 1013 2595 nisifluctus
1034 2534 1219 2579 etsaxa
1251 2532 1297 2577 et
1316 2525 1567 2576 interiores

502 2612 668 2675 Rom]
737 2611 883 2660 Nihil
913 2611 980 2658 sit
1013 2604 1343 2665 incommodi,
1388 2602 1428 2652 si
1453 2602 1566 2667 quis

501 2695 721 2754 reponat
740 2703 792 2737 eo
812 2684 1158 2746 manifestiores
1183 2679 1398 2729 Romani.
1432 2680 1567 2728 Rhe-

503 2781 678 2817 nanuS.
743 2757 1282 2822 Venetu8,inferiores.
1328 2754 1483 2804 Unde
1509 2756 1565 2804 li·
1619 2805 1631 2813 ,

499 2840 684 2893 beuter
707 2841 995 2903 amplector
1031 2833 1265 2883 Rhenani
1288 2832 1565 2882 correctio-

501 2936 638 2984 nem,
657 2919 926 2979 infestiores
941 2932 956 2963 .·
980 2928 1131 2978 quam
1153 2918 1205 2959 et
1225 2909 1427 2972 Lipsius
1447 2924 1565 2972 pro·

501 2997 611 3047 bat.
648 2996 873 3044 Pichena.
929 2989 1336 3041 Emendaveram
1362 2986 1565 3049 pridem

503 3073 568 3122 ad
594 3087 734 3122 oram
758 3071 877 3120 libri
911 3069 1042 3117 mei:
1080 3072 1126 3114 et
1150 3066 1200 3113 in
1222 3065 1284 3113 iis
1313 3063 1568 3124 inferiores

466 3151 726 3202 .Romani.
791 3148 893 3198 Sed
942 3147 1020 3195 vir
1065 3145 1249 3193 doctus
1295 3157 1461 3205 nuper
1501 3157 1566 3189 ex

504 3228 621 3278 cod.
669 3243 762 3278 suo
821 3224 1209 3274 Mirandulano:
1253 3225 1301 3270 et
1334 3223 1466 3268 inter
1510 3234 1565 3268 ea

501 3307 726 3370 Romani.
791 3304 960 3359 Quam
990 3302 1032 3350 si
1073 3315 1244 3348 veram
1284 3299 1326 3346 is
1365 3303 1564 3356 censet,

502 3399 604 3433 uon
631 3372 782 3432 video
819 3397 914 3431 cur
943 3394 1043 3436 non
1084 3379 1349 3440 vulgarem
1388 3376 1563 3438 potius

496 3462 777 3511 lectionem
821 3459 1210 3522 amplectamur.
1287 3452 1565 3501 Eumenius

501 3538 701 3584 letor
745 3535 949 3584 videtur
1006 3532 1070 3580 ad
1102 3531 1237 3578 hunc
1273 3529 1442 3578 locum
1487 3542 1567 3578 re-

505 3616 737 3676 sapasim:
761 3628 769 3656 :
805 3611 820 3638 ‘
847 3611 985 3661 ultra
1007 3609 1278 3657 Oceanum
1292 3620 1415 3654 vero
1438 3605 1562 3670 quid

505 3700 617 3740 erat
645 3700 839 3752 praeter
876 3683 1239 3734 Britanniam!
1303 3683 1373 3731 Et
1407 3683 1562 3732 dein:

505 3776 517 3796 ⁶
549 3772 685 3816 nulla
713 3761 1076 3828 progrediendi
1110 3774 1263 3809 causa
1304 3752 1565 3823 superest,

505 3852 601 3896 uisi
625 3848 665 3896 εἰ
705 3842 867 3908 {quod
900 3846 1084 3889 natura
1108 3834 1301 3900 vetuit)
1335 3835 1461 3885 fines
1485 3836 1564 3901 ip-

505 3928 605 3972 sins
649 3926 941 3988 quierantur
982 3912 1217 3964 Oceani!
1304 3912 1561 3960 Nimirum

505 4004 589 4048 isli
613 4000 898 4048 eredebant
936 3995 988 4041 in
1023 3989 1395 4040 contumaciam
1418 3989 1560 4038 Deo-

505 4094 613 4128 rum
637 4076 769 4132 fieri,
805 4075 847 4121 si
884 4072 996 4136 quis
1029 4067 1319 4131 navigando
1361 4054 1560 4116 Oceani

505 4156 749 4204 {erminus
769 4155 1082 4200 scutaretur.
1149 4145 1397 4193 Arrianus
1421 4144 1559 4194 Geo-

505 4232 753 4292 gfflphu÷=2
789 4226 848 4274 τὰ
878 4224 928 4273 δὲ
961 4223 1082 4284 μετὰ
1108 4220 1216 4270 τοὺς
1249 4219 1420 4270 τόπους
1451 4202 1560 4268 τοῦ-

505 4324 609 4356 τουε
637 4308 761 4352 Emi-re
785 4302 1047 4366 ὑπερβολὰς
1077 4297 1332 4369 χειμώνων,
1365 4296 1442 4346 καὶ
1473 4295 1563 4345 πά-

505 4400 617 4444 ·ςεῡιυπ
641 4380 887 4440 umidi-ovs
910 4375 1156 4434 δυσβάτων
1176 4395 1234 4427 τε
1250 4374 1424 4438 τόπων,
1458 4372 1563 4426 εἶτα
1635 4375 1639 4379 ’

477 4571 637 4656 h

637 4652 665 4672 ³⁸³2.

1187 453 1404 504 No'rAE
1451 444 1854 499 VAnlomJu
1903 444 1981 493 IN

1637 590 1715 640 καὶ
1752 589 1850 652 θείᾳ
1880 586 1972 635 τίνι
2006 579 2194 642 δυνάμει
2234 579 2366 637 θεῶν,
2414 569 2705 638 &repetitor-td

1636 670 1780 718 ἐστιν.
1849 667 2009 714 Vetto
2035 680 2047 712 :
2083 675 2187 724 quoe
2207 659 2465 720 sequuntur
2484 654 2703 702 immodi-

1634 749 1703 794 cis
1713 742 1982 806 frigoribus
2014 739 2249 787 inaccesso
2268 734 2365 782 siue
2396 745 2573 778 arcana
2593 743 2707 792 qua·
2727 747 2757 780 ς,

1634 825 1744 871 dom
1770 819 1880 870 Fati
1897 816 2129 882 potentia,
2145 813 2366 860 hacteuus
2379 823 2472 856 non
2492 807 2704 854 invento.

1637 899 1873 949 Colerus.
1943 878 2263 942 Particulam
2291 887 2372 934 sed
2404 881 2705 943 delendam,
2773 936 2785 950 ο

1638 983 1694 1026 et
1716 974 1945 1039 junctim
1985 971 2076 1019 illa
2112 967 2185 1016 sic
2209 962 2451 1027 legenda,
2475 959 2706 1009 certissi-

1640 1069 1804 1102 mum:
1839 1065 1962 1100 nunc
1995 1044 2223 1095 terminus
2245 1037 2520 1090 Britannia
2540 1040 2674 1099 potet
2691 1050 2708 1081 .-

1638 1133 1767 1179 Μαῖα
1785 1130 1899 1191 jum
1918 1127 2048 1174 ultra
2066 1136 2184 1184 gens
2194 1134 2213 1177 ‚⁶
2243 1117 2367 1166 nihii
2402 1113 2499 1162 nisi
2520 1115 2709 1177 fluetus

1640 1213 1687 1256 et
1708 1222 1847 1268 saxa,
1888 1211 1936 1254 et
1968 1204 2021 1252 iu
2062 1201 2126 1248 iis
2169 1195 2437 1256 infestiores
2484 1191 2708 1239 Romani.

1640 1287 1772 1338 Quae
1793 1288 2053 1347 postrema
2074 1275 2275 1339 Lipsius
2291 1271 2365 1320 sic
2388 1265 2708 1318 emendavit.

1642 1364 1949 1426 Quanquam
1988 1370 2089 1405 non
2119 1352 2253 1401 male
2291 1344 2505 1397 retineri
2529 1344 2706 1405 vulga-

1641 1449 1750 1490 tum
1774 1439 1925 1489 etiam
1947 1442 2155 1501 potest3
2184 1443 2387 1480 sensum
2411 1430 2558 1474 certe
2577 1422 2706 1472 facit

1642 1518 1996 1581 aptissimum:
2034 1514 2189 1562 Ultra
2210 1503 2543 1558 Caledoniam
2563 1499 2707 1549 nulla

1642 1594 1860 1656 amplius
1886 1605 2029 1655 gens,
2064 1587 2192 1636 nihil
2215 1587 2410 1648 praeter
2428 1576 2625 1626 fluctus
2652 1579 2706 1624 et

1642 1684 1793 1719 saxa:
1832 1670 1883 1718 in
1922 1669 2031 1732 ejus
2066 1657 2399 1713 interioribus
2438 1666 2563 1704 ecce
2604 1652 2707 1700 Ro-

1641 1750 1794 1798 mani.
1861 1749 1937 1797 Ut
1972 1761 2067 1810 ego
2114 1740 2318 1807 quidem
2357 1740 2559 1784 mutare
2598 1730 2703 1790 hic,

1639 1825 1762 1875 nihil
1781 1825 1956 1874 adhuc.
1971 1821 2269 1872 sustineam.
2301 1812 2495 1862 Aeidul.

1708 1903 1777 1951 Et
1798 1900 2046 1950 interiores
2084 1891 2312 1954 Romani]
2378 1889 2530 1936 Vett.
2549 1883 2707 1933 'editi-

1639 1993 1785 2040 ones‚
1807 1977 2082 2038 inferiores:
2115 1988 2144 2023 e
2168 1985 2269 2035 quo
2308 1967 2615 2023 Rhenanus,
2634 1961 2707 2009 in-

1623 2057 1868 2115 festiores.
1900 2063 1910 2091 ·.
1935 2055 2049 2117 Ego
2072 2047 2295 2108 divisim,
2315 2048 2362 2094 et
2390 2043 2455 2092 iis
2479 2039 2709 2100 seriores.

1640 2134 1815 2197 Magis
1838 2131 1936 2182 feri
1972 2136 2029 2180 et
2060 2126 2195 2188 duri,
2228 2137 2377 2188 quam
2418 2117 2615 2168 fluctus
2655 2120 2710 2164 et

1640 2230 1781 2265 saxa.
1814 2212 2030 2277 Lipsius.

1705 2293 1963 2354 Postquam
1984 2284 2164 2353 cunetis
2182 2273 2502 2336 vastantibus]
2569 2270 2709 2320 Scri·

1638 2369 1727 2430 bo,
1742 2373 1987 2432 postquam
2008 2365 2176 2413 cuncta
2196 2353 2491 2406 vastantibus
2512 2347 2708 2408 defuere

1639 2452 1800 2506 terroe,
1833 2449 1878 2493 et
1914 2455 2041 2491 more
2076 2440 2365 2487 scrutantur.
2431 2430 2589 2488 Mox,
2622 2424 2711 2474 soli

1640 2522 1848 2570 omnium
1887 2532 1997 2583 opes
2038 2519 2178 2576 atque
2215 2509 2439 2574 inopiam.
2499 2503 2709 2552 Rhena-

1639 2615 1750 2650 nus.

1701 2678 1907 2725 -cuncta
1949 2670 2244 2723 vastantibus
2298 2663 2491 2722 defuere
2536 2655 2708 2718 terroe]

1640 2754 1727 2804 Sic
1760 2751 2110 2802 Alexandrum
2133 2742 2344 2795 incessit
2375 2739 2582 2786 Seneca
2614 2731 2707 2782 lib.

1639 2843 1744 2880 vn.
1779 2830 1843 2879 de
1869 2829 1984 2877 ben.
2010 2841 2058 2873 e.
2081 2829 2131 2872 2.
2174 2820 2455 2877 Vir-dangos.

1707 2907 1925 2968 Auferre,
1962 2902 2217 2959 trucidare,
2247 2907 2411 2957 rapere
2437 2889 2591 2948 falsis
2626 2902 2711 2936 uo-

1638 2983 1844 3032 minibus
1864 2976 2152 3044 imperium]·'
2178 2975 2345 3023 Recte
2367 2973 2427 3016 ut
2446 2968 2560 3014 haec
2586 2976 2711 3012 con·

1638 3066 1807 3110 struas
1828 3059 1963 3109 vide.
2030 3056 2149 3104 Non
2169 3051 2307 3100 enim
2325 3048 2399 3094 ita
2413 3040 2709 3107 jungenda,

1623 3136 1773 3194 falsis
1791 3132 2054 3184 nominibus
2066 3126 2314 3190 imperium
2329 3133 2513 3183 rapere.
2580 3114 2710 3174 Sed,

1638 3213 1844 3273 auferre,
1864 3224 2028 3273 rapere
2049 3204 2285 3269 appellant
2307 3195 2557 3258 imperium
2577 3207 2593 3240 .-
2625 3189 2709 3237 ubi

1636 3291 1939 3339 solitudinem
1958 3285 2172 3346 faciunt,
2192 3291 2354 3342 pacem
2370 3293 2386 3322 .·
2420 3270 2532 3321 scil.
2562 3267 2710 3328 falsis

1642 3374 1917 3430 utrumque
1938 3359 2217 3411 nominibus.
2250 3350 2454 3403 Acidal.

1712 3444 1806 3493 Ubi
1824 3439 2122 3491 solitudinem
2138 3432 2351 3494 faciunt,
2370 3439 2531 3490 pacem
2548 3424 2707 3488 appel-

1639 3521 1764 3584 lant]
1830 3518 2076 3567 Similiter
2104 3511 2302 3560 Histor.
2326 3507 2363 3555 l.
2388 3518 2426 3552 1.
2446 3501 2513 3551 de
2531 3498 2708 3550 Galba

1642 3600 1783 3648 Otho
1807 3613 1852 3647 e.
1877 3599 1956 3645 37.
2025 3591 2147 3639 Huc
2172 3584 2402 3649 pertinet
2418 3585 2477 3628 et
2490 3577 2709 3642 querela

1640 3676 1853 3726 Catonis
1896 3669 2031 3735 apud
2086 3663 2395 3714 Sallustium.
2480 3655 2553 3704 Τὰ
2613 3654 2708 3717 γὰρ

1641 3752 1815 3816 αἰσχρὰ
1833 3748 2054 3810 ὀνόματα,
2085 3744 2140 3792 οὗ
2171 3740 2235 3790 τὰ
2255 3735 2533 3802 πράγματα,
2548 3731 2708 3796 eichen-

1639 3849 1716 3880 σιν
1738 3829 1964 3892 ἅνθρωποι
1997 3825 2049 3872 ἑκ
2070 3822 2155 3870 τοῦ
2178 3817 2253 3867 ἐπὶ
2284 3816 2517 3864 πλεῖεπον
2538 3807 2707 3871 αἰσχύ-

1637 3912 1814 3969 νεὰθαι,
1844 3904 1919 3954 ait
1941 3899 2248 3962 Procopius.
2290 3894 2584 3951 Virdungus.

1702 3973 1835 4034 (ΪΑΡ.
1857 3987 1938 4031 31.
1974 3980 2112 4028 Bono
2122 3963 2325 4036 fortuna
2346 3983 2449 4032 quae
2480 3966 2534 4014 in
2551 3964 2704 4014 tribu-

1634 4068 1735 4113 tum
1758 4063 1923 4122 egerat
1940 4053 2114 4116 onnus]
2146 4047 2446 4112 Legendum
2461 4047 2705 4105 apparet,

1635 4139 1752 4187 bono
1780 4137 2095 4196 fortunasque
2127 4128 2181 4176 in
2217 4124 2448 4173 tributum
2480 4120 2702 4182 egerunt,

1633 4216 1684 4264 in
1701 4228 1933 4262 annonam
1950 4209 2272 4266 frumentum,
2291 4211 2487 4262 corpora
2509 4196 2616 4257 ipsa
2646 4208 2702 4240 ac
