3009 4942
739 411 893 466 121⁸.
939 412 1021 462 ιι.
1067 406 1232 460 οη.
1275 393 1385 459 14.
1430 386 1996 458 ιιιετὸιιιᾼιιιιιι.

262 558 369 633 ρο.
397 548 556 609 Saus.
1039 578 1046 579 ff

283 662 294 675 ·
331 635 502 684 Duces
537 634 757 698 dederat]
839 633 1025 698 Forte,
1043 658 1048 663 ·
1069 633 1238 683 Duces
1268 634 1333 682 le-

255 717 418 773 gerat.
454 711 684 760 Freinsh.

283 820 290 831 .
329 790 431 838 Per
475 789 714 838 licentium
750 788 957 838 militum
994 786 1171 852 victus]
1233 788 1334 838 Ve-

260 864 371 915 rius
392 880 459 915 ex
480 867 615 916 Flor.
638 867 840 929 vinctus,
863 881 1034 932 quam,
1056 867 1240 916 erictus.-
1273 872 1334 915 nt

262 942 318 993 in
337 938 585 1007 'vulgatis
634 943 720 993 Sic
743 942 866 995 infr.
889 943 1007 993 eod.
1030 943 1121 994 lib.
1154 943 1170 970 ‘
1193 943 1332 992 vinc·

261 1028 349 1070 tus
371 1019 653 1085 praefectus
674 1028 960 1071 castrorum
994 1021 1165 1073 Julius
1196 1021 1329 1071 Gra-

263 1097 387 1148 tus!
454 1099 524 1147 Et
545 1099 756 1148 statuo:
792 1101 806 1126 ‘
824 1113 941 1148 cum
975 1097 1191 1148 fratrem
1214 1098 1327 1162 ejus

260 1173 374 1225 Jul.
398 1174 711 1225 Frontonem
736 1176 1021 1238 tribunum,
1043 1173 1329 1225 Othoniani

259 1251 356 1301 sub
378 1252 559 1301 eodem
582 1268 704 1302 casu
739 1252 1060 1302 vinxissent!
1103 1251 1327 1300 Pichem.

261 1328 358 1377 Est
382 1330 469 1392 qui
491 1329 656 1391 malit,
677 1331 845 1380 vietus.
911 1331 1169 1392 Muretus,
1199 1328 1328 1377 einc-

258 1408 360 1453 tus:
399 1405 638 1467 pessime.
674 1406 901 1456 Retineo
923 1407 1095 1468 victus,
1120 1419 1216 1454 nec
1237 1405 1329 1453 illa

258 1483 392 1532 trita
415 1482 818 1546 significatione,
843 1482 935 1531 sed
954 1497 1054 1547 qua
1075 1482 1232 1531 etiam
1254 1482 1328 1530 in·

256 1557 339 1609 sta
361 1555 461 1608 hoc
484 1561 578 1610 lib.
604 1567 917 1623 usurpatur:
953 1560 1080 1609 “Ne
1112 1564 1172 1607 ut
1206 1557 1328 1607 victi

256 1643 312 1687 et
355 1632 541 1701 'ignavi
590 1637 1061 1701 despectarentur.'
1115 1637 1325 1686 Terent.

262 1713 554 1764 Heautout.
578 1728 665 1764 111.
691 1720 738 1764 1.
799 1716 815 1742 ‘
840 1714 894 1763 Si
931 1719 984 1764 te
1017 1720 1120 1762 tam
1144 1713 1248 1761 leui
1272 1718 1328 1762 et

258 1790 407 1841 victo
444 1805 556 1840 esse
595 1792 763 1842 animo
799 1790 1122 1843 ostenderis!
1185 1789 1327 1842 Quo·

258 1870 415 1919 modo
460 1870 597 1921 idem
649 1868 884 1923 fortassis
927 1878 984 1920 et
1039 1869 1326 1921 Eunucho.

256 1948 273 1975 ‘
296 1947 492 1998 Eludet
516 1947 602 1997 ubi
623 1953 676 1998 te
695 1949 891 1999 victum
922 1947 1179 2000 senserit!
1207 1948 1324 2001 Aci-

257 2027 431 2078 dolius.

273 2105 437 2154 ·Non
461 2105 612 2155 Italia
635 2104 788 2168 adiri]
856 2068 1000 2155 Nihil
1022 2119 1121 2170 ego
1143 2051 1228 2155 hic
1250 2104 1327 2153 ni-

249 2181 294 2231 si
313 2197 613 2247 germanum
634 2184 805 2235 video.
856 2183 1058 2233 Sudant
1080 2189 1253 2233 tamen
1271 2183 1325 2233 in

256 2259 509 2309 mutando
541 2259 820 2310 Rhenanus
854 2261 1055 2324 pariter
1098 2265 1154 2310 et
1194 2259 1327 2309 Ver·

259 2338 479 2387 tranius.
512 2336 644 2403 Izips.

273 2432 284 2441 ·
320 2400 560 2477 Sedesque
596 2414 774 2478 patria·
813 2413 1113 2463 videbantur.
1200 2410 1326 2464 Tun·

255 2504 394 2553 quam
428 2495 626 2540 externa
658 2493 828 2542 littora
866 2496 913 2540 et
946 2491 1084 2540 urbes
1124 2490 1328 2539 hodium

256 2566 418 2631 arere]
486 2567 588 2618 11ae
630 2569 909 2621 sententiae
932 2567 1109 2618 multis
1128 2565 1328 2616 mendis

260 2652 383 2695 sunt
427 2645 676 2710 insignes.
773 2647 1040 2696 Manuscr.
1085 2644 1328 2695 volumen

256 2723 419 2774 habet
437 2740 453 2785 3
486 2726 705 2789 sedesque
718 2724 897 2790 patrie
904 2721 1190 2791 jubebuntur
1205 2725 1328 2771 tarn-

258 2815 396 2865 quam
419 2805 466 2850 et
488 2800 625 2852 urbes
643 2801 847 2850 hostiam
865 2814 1019 2850 urere.
1056 2798 1220 2849 Vides
1242 2797 1327 2849 hic

254 2877 434 2927 abesse
458 2878 586 2928 duas
608 2879 721 2928 illas
756 2891 928 2942 voces,
962 2882 1163 2928 externa
1197 2876 1327 2926 litto-

250 2967 347 3012 Νι·
418 2969 547 3019 quas
603 2957 943 3020 castigatores
993 2953 1325 3004 addiderunt.

254 3032 370 3096 Ego
395 3046 521 3082 vero
540 3047 633 3098 pro
655 3039 895 3098 tamquam
906 3037 955 3083 et
969 3031 1125 3094 urbes,
1141 3030 1326 3095 depre-

257 3106 416 3157 hendi
441 3116 561 3172 post
583 3109 886 3159 laboriosam
907 3108 1009 3159 loci
1034 3107 1327 3157 considera·

261 3184 483 3249 tionem,
523 3184 875 3251 scribendum,
926 3190 1168 3249 tunquam
1201 3188 1329 3234 metu

255 3276 351 3315 res.
425 3262 618 3328 Itaque
651 3264 726 3313 sic
748 3262 960 3314 distinxi
983 3261 1325 3312 sententiam:

262 3339 501 3405 Sedesque
514 3341 715 3409 patriae.
766 3340 1069 3391 Jubebantur
1086 3344 1325 3403 tamquam

259 3422 391 3467 metu
412 3433 489 3466 res
509 3418 711 3467 hostium
729 3433 883 3470 urere.
933 3418 1196 3468 Caeterum
1210 3429 1326 3465 ver·

255 3495 344 3559 ba,
368 3500 609 3560 tamquam
637 3501 766 3546 metu
786 3511 880 3560 res,
911 3510 1014 3545 non
1042 3493 1236 3544 inserui
1272 3492 1325 3542 in

260 3580 584 3638 contextum,
622 3588 779 3639 quum
811 3587 929 3624 mea
966 3572 1037 3622 sit
1075 3570 1325 3621 inventio.

207 3700 212 3705 .
257 3650 460 3713 Mutet,
482 3653 570 3717 qui
587 3652 735 3701 velit.
766 3650 987 3700 Rhenum

323 3728 470 3778 Nihil
482 3744 674 3793 usquam
701 3729 943 3793 provisum
963 3728 1211 3776 adversum
1229 3738 1325 3774 me-

251 3805 352 3868 tes]
417 3806 502 3854 Sic
520 3804 655 3855 infra
670 3807 706 3856 l.
727 3819 804 3856 tv.
846 3805 862 3833 ‘
885 3810 1129 3855 constans
1147 3800 1326 3853 adve’r·

251 3886 337 3932 sus
360 3881 565 3932 metus!
597 3882 739 3932 Picto.

291 3962 637 4012 ‘Oeonas-santes
655 3961 853 4024 domt'ni,
871 3960 1021 4022 juxta
1044 3959 1260 4023 conjuges
1279 3964 1328 4009 et

260 4040 464 4105 liberos]
526 4039 739 4103 Nescio,
776 4040 820 4087 si
857 4037 1158 4088 mutandum
1182 4053 1195 4086 :
1253 4053 1326 4086 oc-

256 4123 508 4167 cursantes
526 4116 723 4179 domini,
740 4115 891 4177 juxta
910 4116 1128 4177 conjuges
1146 4120 1194 4162 et
1214 4113 1329 4163 libe-

253 4194 303 4244 ή
317 4209 334 4242 .·
354 4193 457 4243 hoc
480 4194 611 4254 scio,
629 4193 868 4257 copulam
889 4191 1184 4252 delendam,
1205 4191 1329 4241 scri·

257 4270 630 4339 bendumque3
661 4272 1078 4337 secto-italum,
1107 4271 1330 4323 bellime-

251 4349 297 4399 τὸ
316 4348 515 4401 circuit.
551 4348 707 4399 Acid.

377 4431 561 4498 Delpls.
579 4436 630 4482 et
657 4432 775 4485 γαν.
800 4434 932 4483 Clas.

1286 4428 1441 4484 Tacit.

1474 554 1613 605 Cn.
1635 558 1715 606 13.
1767 554 1871 603 Nec
1907 554 2013 617 capi
2043 555 2267 616 poterant
2298 552 2487 616 peruia·

1403 631 1574 696 genus]
1630 632 1924 696 Exemplar
1945 630 2161 694 regium,
2180 643 2265 679 neo
2279 629 2477 694 pendit.

1407 705 1569 758 Forte
1604 707 1952 771 scribendum,
1990 708 2093 756 Nec
2113 707 2219 771 cupi
2236 712 2480 774 poterant,

1405 791 1456 835 et
1469 786 1646 850 pernix
1660 800 1829 850 genus,
1848 789 1895 834 et
1915 785 2078 847 ignari
2099 785 2319 836 locorum.
2336 782 2475 834 Rhe·

1405 879 1588 917 nanus.

1475 942 1773 1006 mem-ibus]
1840 941 2037 1007 Regius
2078 943 2265 1005 codex,
2300 947 2477 1006 tempo·

1402 1021 1556 1086 ribus,
1594 1037 1661 1071 ex
1709 1036 1811 1087 quo
1855 1020 2155 1121 Rhenanus,
2194 1021 2475 1077 terroribus.

1406 1101 1634 1163 Lipsius.
2478 1088 2483 1095 ’

1470 1177 1577 1226 Nec
1610 1177 1720 1225 ullis
1755 1177 1922 1225 deinde
1958 1176 2232 1240 tortoribus]

1404 1252 1623 1316 emplari
1686 1253 1831 1316 regio
1895 1252 2108 1316 legitur,
2134 1266 2141 1273 ·
2170 1253 2473 1317 temporibus.

1401 1332 1577 1393 Leg03
1610 1345 1694 1387 nec
1730 1330 1839 1380 ullis
1865 1332 2033 1380 deinde
2067 1329 2343 1395 terroribus,
2386 1335 2473 1395 §uc

1402 1407 1695 1458 Rhenanus.
1762 1408 1902 1456 Flor.
1946 1409 2217 1459 terroribus.
2282 1407 2479 1501 Vulgo,

1402 1484 1676 1533 tortoribus.
1713 1484 1859 1534 Pich.

1467 1560 1886 1611 CAP.14.Duas
1912 1561 2223 1623 Tio-iugorum
2242 1560 2473 1624 cohortes]

1402 1638 1571 1688 Video
1600 1638 1837 1701 stringes
1875 1638 2089 1687 librario
2112 1638 2291 1686 melius
2311 1628 2487 1696 fuisse:

1401 1723 1554 1766 notos
1590 1732 1744 1782 quam
1781 1718 2026 1781 Tungros.
2092 1715 2196 1765 Sed
2231 1716 2352 1780 quia
2392 1712 2485 1766 sul

1402 1807 1500 1857 pra
1551 1794 1718 1855 dixit;
1768 1795 1785 1823 ‘
1812 1793 1936 1843 Non
1995 1792 2225 1843 defuisse
2266 1799 2487 1863 partem³

1403 1869 1714 1936 Galliarum,
1748 1885 1863 1936 quae
1887 1869 2124 1920 Rhenum
2147 1869 2355 1931 accolit,
2382 1867 2475 1917 vi-

1401 1947 1530 1998 tellii
1578 1954 1756 2014 partes
1816 1947 2099 2009 secutam?
2146 1946 2366 1996 inducor
2414 1951 2476 1995 ut

1400 2025 1612 2075 credam
1651 2025 1738 2075 hic
1772 2032 1828 2075 et
1865 2025 1918 2073 in
1959 2024 2318 2089 sequentibus,
2345 2022 2489 2073 Τιην·

1394 2117 1593 2165 gros-um
1627 2102 1975 2167 scribendum,
2006 2116 2108 2150 non
2137 2101 2477 2163 Turingorum·

1400 2180 1555 2233 Quod
1577 2194 1699 2230 vero
1731 2178 1798 2229 de
1821 2180 2035 2230 Batavis
2066 2180 2221 2243 paulo
2241 2183 2359 2242 post
2383 2174 2474 2225 de-

1401 2272 1501 2323 que
1549 2258 1953 2308 Transrhenanis
1996 2255 2251 2318 meminit,
2303 2253 2477 2304 fateor

1402 2334 1643 2401 equidem
1675 2335 2038 2400 accipiendum
2077 2333 2142 2381 de
2177 2331 2477 2396 Germanis,

1405 2415 1494 2481 qui
1519 2422 1663 2465 trans
1687 2414 1925 2465 Rhenum
1948 2413 2144 2462 colunt.
2198 2409 2300 2460 Sed
2319 2422 2476 2475 prox·

1404 2493 1520 2542 imis
1563 2494 1721 2556 amni,
1758 2498 1889 2557 puta
1925 2490 2214 2550 Tencteris,
2262 2487 2475 2552 Usipiis,

1406 2570 1752 2636 Tubantibus,
1790 2568 2082 2632 chamavis,
2105 2564 2395 2629 Bructeris,
2417 2570 2476 2615 et

1403 2647 1678 2701 similibus.
1745 2648 1971 2713 Longius
1998 2660 2123 2696 vero
2168 2644 2334 2694 dissiti
2372 2643 2478 2692 Tn-

1402 2725 1541 2790 ringi
1574 2731 1755 2789 erant3
1801 2724 1988 2775 Tacito
2024 2735 2127 2773 non
2169 2733 2478 2773 commemo·-

1403 2804 1506 2853 rati
1528 2819 1544 2865 ;
1579 2817 1706 2869 quos
1729 2811 1954 2867 veteres,
1968 2815 1998 2852 e
2022 2815 2235 2867 quorum
2258 2810 2476 2849 numero

1404 2879 1642 2931 Sidonius
1667 2888 1749 2931 est
1773 2879 2090 2946 Apollinaris
2123 2884 2177 2927 et
2199 2874 2475 2939 Vegetius‚

1402 2972 1505 3009 non
1533 2959 1783 3022 Turingos,
1816 2959 1910 3008 sed
1935 2957 2164 3018 Turingos
2187 2951 2475 3017 appellant.

1401 3036 1622 3086 Rhesum.
1687 3037 1928 3086 Muretus
1984 3033 2069 3083 bic
2136 3030 2472 3097 Turingorum.

1401 3113 1555 3163 Unde
1579 3120 1670 3162 aut
1692 3127 1786 3163 cur
1806 3112 2001 3163 nescio.
2032 3109 2178 3162 Acid.

1463 3191 1585 3261 Ala]
1649 3194 1781 3246 Qnae
1803 3200 1865 3241 ut
1886 3190 2011 3241 alibi
2042 3197 2299 3252 notamus,
2337 3198 2475 3237 com-

1401 3268 1735 3333 plectebatur
1769 3269 1950 3319 decem
1992 3274 2223 3325 turmas3
2258 3270 2318 3316 ut
2352 3279 2475 3329 qua·

1400 3354 1521 3396 tuor
1546 3354 1728 3397 turmae
1755 3351 1809 3394 et
1845 3345 1925 3393 ala
1946 3340 2329 3393 constituerent
2351 3354 2479 3404 qua-

1400 3422 1694 3476 tuordecim
1719 3421 1953 3491 equitum
1991 3425 2204 3468 turmas.
2266 3417 2351 3466 Ex
2374 3415 2478 3466 illis

1401 3500 1688 3552 duodecim
1728 3500 1783 3549 in
1817 3499 2021 3548 hostem
2043 3495 2237 3559 missae,
2261 3494 2476 3559 reli'quae

2298 1176 2363 1227 In
2387 1191 2477 1239 exn

1349 3652 1357 3659 ἡ
1402 3580 1528 3630 data
1546 3580 1686 3629 Foro
1705 3577 1835 3629 Julii
1856 3574 2109 3626 custodia.
2143 3572 2301 3623 Savil.

1468 3655 1721 3720 Paganis]
1784 3655 1906 3707 Vox
1937 3655 2050 3706 haec
2082 3650 2280 3716 injure
2312 3650 2480 3715 magis

1401 3734 1669 3801 frequens,
1685 3745 1838 3798 quam
1863 3732 1915 3780 in
1935 3729 2144 3781 caeteris
2162 3727 2480 3789 auctoribus,

1402 3810 1661 3876 accipitur
1701 3823 1766 3863 eo
1813 3804 2126 3872 significatu,
2183 3811 2245 3855 ut
2300 3802 2501 3857 omnes*

1409 3885 1835 3952 comprehendat,
1858 3883 1942 3947 qui
1960 3880 2150 3932 milites
2179 3891 2281 3927 non
2304 3879 2426 3941 sint,
2446 3890 2491 3957 a⁸

1401 3965 1564 4029 pagis,
1587 3963 1638 4013 id
1664 3970 1764 4025 est,
1799 3952 2005 4026 oppidis
2041 3956 2288 4007 deducta.
2357 3956 2479 4006 Qua

1400 4043 1614 4092 ratione
1635 4035 1876 4090 Persium
1900 4033 2152 4086 credibile
2175 4039 2256 4082 est
2277 4032 2479 4096 semipo-

1398 4133 1580 4181 ganum
1610 4132 1666 4165 se
1703 4113 1929 4165 dixisset
1965 4109 2115 4178 quasi
2131 4108 2477 4160 semimilitem

1404 4209 1460 4245 se
1500 4192 1665 4242 fuisse
1703 4192 1993 4250 denotaret,
2038 4194 2095 4236 et
2136 4185 2330 4253 idcirco
2373 4197 2480 4235 non

1401 4272 1556 4335 plene
1598 4267 1882 4332 poeticam,
1912 4280 2029 4332 quae
2064 4278 2148 4313 ars
2188 4261 2477 4318 umbratica

1405 4353 1508 4413 est,
1531 4345 1792 4398 edoctum.
1831 4341 2076 4408 Alioquin
2096 4354 2179 4390 me
2201 4353 2300 4389 non
2323 4340 2476 4402 latet,

2203 4424 2267 4472 12
2289 4418 2343 4471 B
