3009 4942
494 361 669 429 Q

484 522 690 587 fimes]
751 523 966 575 Tacitus
1008 523 1294 587 debuisset,
1317 526 1555 588 exemplo

495 601 1016 687 historicorumffluos
1037 601 1283 652 habemus
1306 601 1554 666 probatis·

496 676 671 740 simos,
692 678 778 726 hic
810 692 867 726 se
903 680 1211 728 exactiorem
1249 681 1554 740 praestitisse

493 755 922 819 chorographum,
974 763 1131 821 atque
1187 757 1331 806 istius
1388 757 1554 819 praelii

493 830 664 880 locum
714 832 1007 881 accuratius
1048 832 1404 896 descripsisse,
1436 848 1552 897 qnae

494 903 639 955 fluvii
662 921 780 970 pars
799 910 1041 958 Romanis
1064 910 1250 958 castris
1269 915 1555 972 teneretur,

494 990 553 1034 et
604 999 719 1050 quae
771 986 904 1034 ratio
957 987 1086 1035 situs
1134 988 1301 1049 quoad
1357 988 1553 1036 urbem.

494 1061 650 1112 Nunc
673 1071 731 1111 ut
752 1078 812 1111 ea
836 1061 1128 1125 defunctus,
1147 1068 1246 1114 διο.
1262 1064 1292 1093 ⁴¹*
1324 1064 1471 1114 Sat-il.

559 1140 891 1188 Est-cusantiam
928 1141 1093 1204 habeo]
1115 1141 1307 1205 ,Alia-«1,
1336 1157 1554 1191 accersam

492 1215 620 1264 dum.
656 1216 943 1266 Ferrettus.

562 1292 747 1342 Oblitae
791 1296 1123 1359 proedixerim]
1180 1297 1394 1359 Vocem,
1431 1312 1553 1360 proe-

491 1368 716 1434 dixerim,
752 1381 1064 1434 corruptam,
1107 1379 1192 1422 ant
1233 1371 1554 1435 superfluere

495 1445 658 1496 vides.
727 1446 1025 1511 Rodolplius
1059 1463 1152 1511 pro
1177 1464 1239 1498 ea
1273 1450 1459 1512 legisse
1485 1451 1555 1497 vi-

492 1522 665 1586 detur,
720 1524 903 1585 oblitos,
949 1527 1213 1588 proximam
1267 1528 1554 1577 memoriam.

494 1598 560 1648 In
582 1601 880 1650 Florentino
903 1607 1003 1664 est,
1031 1608 1221 1664 temere,
1248 1619 1358 1666 pro,
1378 1610 1553 1653 tenere.

494 1677 614 1727 Quo
637 1678 739 1726 leni
762 1677 942 1738 ductu,
979 1679 1092 1729 haec
1115 1680 1366 1729 concinno
1391 1697 1404 1730 z
1440 1681 1553 1729 obli·

489 1757 581 1814 tos,
615 1755 791 1803 redisse
824 1754 875 1802 ia
914 1755 1183 1804 memoriam
1213 1756 1279 1804 R.
1308 1770 1348 1806 s.
1383 1762 1556 1806 temere

489 1831 686 1880 credidi.
754 1832 824 1880 Et
862 1831 1154 1896 collineavi,
1191 1839 1347 1898 atque
1383 1835 1553 1898 attigi.

489 1905 700 1970 Lipsius.

559 1984 698 2039 Quod
718 2000 799 2035 vos
821 1986 1003 2037 Gallici
1022 1987 1225 2048 soederis
1246 1988 1412 2038 oblitos
1428 2005 1554 2054 proe-

487 2061 719 2124 dixerim]
815 2065 1015 2129 Malim,
1065 2067 1291 2131 proedixi,
1338 2076 1555 2130 propter

489 2138 798 2201 scripturam
822 2142 938 2190 cod.
962 2142 1099 2192 Bud.
1121 2144 1338 2199 Menan.
1383 2145 1552 2194 Video

490 2229 659 2279 neque
673 2219 1111 2269 constructionem
1135 2221 1187 2269 in
1212 2222 1307 2271 hac
1329 2222 1553 2271 lectione

490 2299 746 2357 constare,
786 2309 954 2360 neque
993 2298 1152 2346 ullum
1192 2313 1416 2361 sensum,
1459 2301 1553 2350 sed

490 2379 607 2416 cum
649 2376 704 2417 et
728 2378 881 2419 antea
919 2373 1061 2420 locus
1086 2374 1216 2422 hand
1240 2374 1406 2424 minus
1439 2391 1552 2425 cor-

491 2449 674 2506 ruptus
686 2452 845 2509 esset,
858 2447 1055 2510 placuit
1071 2450 1252 2499 saltem
1272 2452 1394 2500 resti
1405 2460 1552 2501 tuere

481 2518 642 2581 juxta
655 2523 790 2572 Flor.
805 2528 977 2574 temere
999 2525 1198 2589 credidi,
1214 2541 1309 2590 pro
1332 2543 1393 2576 eo
1412 2528 1551 2593 quod

487 2596 543 2645 in
565 2596 790 2662 vulgatis
827 2600 1120 2664 legebatur,
1140 2607 1296 2653 tenere
1331 2604 1516 2653 credidi
1533 2622 1551 2654 .-

490 2672 635 2736 cujus
669 2674 903 2725 adverbii
925 2677 1115 2727 indicio
1138 2680 1552 2730 emendationem

488 2750 800 2815 excogitavi,
821 2753 1041 2805 fortasse
1078 2757 1305 2805 auctoris
1343 2764 1551 2808 senten-

488 2823 577 2875 tiae
600 2840 702 2876 non
726 2828 977 2882 alienam:
1008 2834 1129 2896 qaod
1150 2848 1231 2881 vos
1247 2833 1427 2885 Gallici
1453 2833 1552 2894 foe-

488 2904 616 2951 deris
634 2902 820 2967 oblitos,
849 2912 897 2956 et
920 2910 1125 2958 retinere
1160 2912 1432 2960 memoriam
1453 2912 1550 2960 Ro-

489 2978 618 3025 mani
631 2982 933 3049 sacramenti,
954 2989 1127 3034 temere
1147 2987 1343 3037 credidi.
1398 2988 1549 3038 Pich.

489 3053 649 3103 Latet
679 3057 824 3106 ulcus
864 3059 1091 3125 aliquod,
1112 3076 1231 3110 nam
1253 3063 1400 3115 Rom.
1424 3064 1551 3114 edit.

489 3143 593 3178 non
613 3133 845 3194 agnoscit
879 3135 1037 3185 ullam
1071 3137 1277 3188 literam
1300 3141 1463 3201 vocis,
1482 3146 1553 3190 te-

488 3222 617 3271 nere,
639 3224 790 3274 quam
828 3216 1003 3262 tamen
1037 3214 1174 3264 haud
1197 3215 1351 3267 facile
1385 3219 1551 3283 ejece·

486 3285 616 3348 rim;
651 3289 743 3338 sed
781 3299 988 3342 secutus
1030 3293 1145 3344 eod.
1168 3294 1304 3346 Flor.
1327 3299 1551 3353 auctori·

488 3367 653 3413 tatem
696 3369 1039 3419 tentaverim:
1075 3374 1196 3434 quod
1238 3389 1285 3423 v.
1329 3374 1395 3423 G.
1424 3374 1550 3434 foed.

488 3437 578 3486 obl.
588 3442 1019 3502 produxisse'mem.
1033 3462 1154 3499 sacr.
1165 3452 1336 3498 temere
1352 3450 1550 3500 credidi.

489 3512 705 3569 Gruter,
773 3519 1031 3570 Veniebat
1053 3522 1145 3571 sub
1167 3516 1385 3574 'acumen
1407 3527 1545 3575 stili:

488 3592 609 3652 qaod
627 3606 705 3640 cos
730 3593 905 3647 Gallici
920 3597 1124 3654 soederis
1143 3600 1311 3650 oblitos
1327 3604 1552 3666 repetisse

488 3667 757 3719 memoriam
803 3672 1007 3724 Romam·
1048 3679 1330 3727 sacramenti
1378 3685 1552 3729 temere

489 3743 687 3793 credidi.
751 3745 984 3797 Justinus
1028 3751 1063 3798 l.
1108 3764 1281 3801 xxxv.
1313 3754 1328 3780 ‘
1364 3756 1550 3817 prioris

489 3821 798 3872 sacramenti
825 3823 1118 3886 religionem
1153 3828 1272 3876 novi
1294 3832 1430 3892 regis
1469 3846 1549 3881 su-

486 3893 683 3956 perbiae
703 3896 1076 3960 praeferentes!
1110 3903 1384 3953 Suetonius
1399 3908 1550 3956 Clau-

489 3969 577 4019 dio
594 3976 672 4023 13.
690 3975 704 3999 ‘
724 3975 1025 4040 legionibus,
1040 3995 1153 4041 quae
1168 3993 1548 4032 sacramentum

486 4052 861 4113 mutaverant,
851 4066 901 4100 in
926 4056 1279 4117 poenitentiam
1299 4058 1549 4122 religione

488 4128 781 4178 conversis!
848 4132 976 4182 Cum
1011 4137 1282 4187 memoriam
1304 4137 1485 4202 dicit,
1472 4153 1550 4191 in-

489 4201 682 4265 telligit
701 4210 1064 4259 reverentiam.
1101 4213 1311 4262 Gronov.

560 4277 693 4330 CAP.
716 4285 797 4333 78.
836 4283 997 4351 Tutor,
1013 4292 1061 4336 et
1082 4288 1332 4354 Classicus,
1356 4290 1551 4354 Civilis]

1196 380 1411 430 1101·AE
1459 378 1795 431 vARron
1808 381 1861 429 M
1918 379 2000 430 nt

1632 523 1939 577 Addidimns
1959 525 2287 591 particulam,
2306 526 2538 591 mmet
2564 526 2713 579 Chu-

1629 604 1768 661 sictis,
1787 608 1835 651 et
1861 603 2047 651 Civilis.
2089 603 2325 654 Rhenan.

1694 679 1843 740 Legio
1879 679 2266 741 ametriceaeima]
2331 679 2478 728 Male
2518 678 2717 743 vulgo,

1628 755 1753 816 legio
1773 755 1992 803 vicesima
2012 756 2187 817 prima,
2205 770 2319 803 nam
2346 762 2401 802 ut
2422 755 2716 804 Meroen-us

1630 832 1693 880 ad
1722 831 1860 882 Hist.
1894 833 1929 881 1.
1955 845 1993 880 ι.
2018 832 2231 887 monuit,
2272 846 2531 894 nunquam
2557 828 2715 895 apud

1627 908 1880 970 Taciturn,
1905 909 2094 972 vixque
2129 908 2266 971 apud
2309 909 2432 958 alios
2475 914 2719 971 veteres,

1629 982 1819 1034 dicitur
1842 985 1962 1044 legio
1986 985 2330 1045 decimatertia,
2359 984 2545 1033 decima
2560 999 2718 1047 quer·

1627 1066 1696 1123 ta,
1711 1064 1890 1111 decima
1905 1064 2083 1126 quinta,
2094 1064 2174 1124 ξε.
2190 1078 2205 1110 .·
2229 1062 2317 1110 sed
2331 1063 2478 1110 tertia
2493 1063 2719 1124 decima,

1627 1143 1795 1200 quarta
1830 1138 2027 1200 decima,
2065 1140 2229 1200 quinta
2256 1139 2455 1201 decima,
2488 1152 2718 1202 semper

1627 1213 1811 1265 minori
1852 1230 2065 1263 riuunero
2112 1215 2409 1279 praeposito.
2481 1214 2599 1265 Hic
2658 1213 2718 1262 in

1627 1291 1756 1341 Mss.
1781 1291 2131 1356 legitur,legio
2156 1306 2272 1341 xxi.
2307 1293 2517 1340 Erravit
2546 1290 2721 1340 libra·

1628 1366 1732 1416 rius
1756 1369 1844 1432 qui
1879 1369 2087 1432 scripsit
2132 1371 2348 1417 vicesima
2380 1367 2566 1431 prima,
2585 1382 2719 1417 cum

1626 1445 1990 1495 unoetvicesimo
2093 1446 2320 1494 scribere
2402 1443 2719 1493 debuisset.

1627 1520 1775 1569 Idem
1798 1536 1945 1570 error
1967 1521 2090 1570 alibi
2116 1521 2340 1585 irrepsit.
2397 1520 2649 1571 Pa'claeaa.

1695 1599 1793 1648 Res
1811 1599 2011 1665 afflixit]
2046 1601 2175 1660 Nos,
2196 1615 2294 1648 rem
2313 1599 2511 1666 afflixit.
2568 1599 2721 1649 Rhe-

1629 1690 1750 1726 nan.

1694 1753 1824 1803 CAR.
1861 1756 1942 1802 79.
1992 1753 2386 1816 flagrantissima
2431 1751 2723 1802 cohortium

1624 1844 1816 1878 suarum
1863 1830 2052 1892 integra
2097 1846 2256 1890 manu,
2306 1836 2352 1880 et
2387 1846 2413 1879 e
2462 1829 2723 1893 chaucis]

1629 1905 1929 1955 Ablativum
1953 1922 2093 1963 manu
2110 1906 2296 1956 delevi.
2329 1908 2581 1970 Expone,
2602 1907 2724 1956 Non

1626 1981 1878 2042 invalidus,
1887 1981 2268 2044 flagrantissima
2289 1983 2558 2030 cohortium
2602 1998 2724 2033 sua·

1624 2073 1748 2121 ram,
1790 2058 1843 2106 id
1889 2067 1987 2121 est,
2007 2061 2138 2110 Quae
2180 2058 2318 2106 inter
2340 2059 2595 2108 cohortes
2638 2073 2723 2108 ar·

1626 2134 1926 2184 (lentissima
1959 2141 2091 2196 erat,
2113 2135 2333 2197 integra,
2353 2135 2582 2183 subaudi
2625 2150 2726 2184 ex·

1625 2213 1834 2261 istente.
1870 2213 2086 2260 Rhenaa.
2152 2211 2320 2260 Duxit
2353 2225 2434 2259 me
2458 2211 2524 2259 ad
2566 2212 2722 2262 hanc

1626 2288 1924 2349 lectionem,
1973 2287 2359 2351 flagrantissima
2432 2288 2724 2341 cohortium

1623 2381 1815 2416 suarum
1844 2366 2052 2428 integra,
2091 2383 2193 2431 quoe
2228 2381 2292 2416 ex
2325 2366 2535 2415 Chaucis
2602 2368 2726 2417 Fri·

1624 2444 1798 2508 siisque
1841 2444 2113 2508 composita,
2162 2444 2385 2507 Tolbiaci,
2430 2445 2726 2495 Florenti·

1626 2537 1742 2584 nus,
1785 2523 1874 2587 qui
1925 2521 2104 2585 habet,
2158 2522 2451 2585 integraque.
2516 2521 2722 2586 Vulgo

1626 2603 1761 2653 enim
1806 2611 1862 2653 et
1909 2609 2175 2666 corrupte,
2198 2610 2252 2651 et
2298 2599 2505 2653 confuse
2532 2617 2551 2650 r
2594 2602 2726 2652 Fla·

1621 2681 1933 2743 grauissima
1952 2681 2053 2731 coh.
2077 2696 2117 2729 s.
2136 2680 2345 2742 integra,
2368 2683 2414 2727 et
2436 2693 2461 2726 e
2482 2678 2591 2728 Cla.
2625 2680 2724 2729 Fr.

1625 2759 1898 2823 composita.
1949 2757 2173 2807 Tolbiaci.
2229 2757 2476 2806 Pichena.
2554 2756 2721 2810 Quid

1626 2850 1728 2884 non
1775 2843 1916 2885 recte
1961 2833 2199 2885 dictum?
2267 2832 2612 2883 Chaucorum
2663 2837 2726 2883 et

1628 2910 1907 2973 Frisiorum
1944 2909 2093 2957 multi
2133 2922 2347 2958 evasere
2381 2922 2494 2957 cum
2526 2908 2730 2972 Civili,

1627 2995 1918 3052 quos,ante
1963 2987 2185 3051 propriis
2228 2986 2403 3036 cuneis
2443 2988 2726 3050 composi-

1628 3072 1727 3126 tos,
1772 3079 1909 3114 utine
1943 3077 2157 3113 numero
2195 3063 2391 3112 minuto
2433 3061 2486 3109 in
2538 3078 2724 3115 unum

1625 3141 1883 3205 miscuit„
1911 3140 2257 3203 disponebant
2301 3139 2435 3188 enim
2480 3137 2725 3190 barbari

1626 3234 1856 3284 quasque
1879 3225 2065 3283 gentes
2089 3218 2368 3281 separatim
2392 3215 2540 3265 Hist.
2570 3218 2612 3267 l.
2636 3232 2726 3281 15·

1626 3300 1706 3344 16.
1741 3298 1756 3323 ⁸
1802 3293 2152 3363 Caniqefates,
2202 3294 2410 3357 Frisios,
2461 3293 2723 3349 Batavos

1624 3370 1847 3435 propriis
1870 3371 2048 3421 cuneis
2074 3367 2426 3434 componunt.’
2487 3369 2723 3421 Eadem

1623 3448 1691 3496 de
1730 3448 1949 3498 Chaucis
1985 3446 2207 3503 dicenda
2244 3453 2391 3495 sunt:
2428 3445 2521 3510 qui
2562 3446 2724 3498 inter

1624 3525 1815 3573 auxilia
1855 3523 2051 3573 Civilis.
2108 3523 2249 3573 Ibid.
2312 3523 2458 3571 Civili
2482 3522 2723 3577 Chauco·

1621 3613 1728 3647 ram
1765 3599 1950 3648 auxilia
1983 3613 2164 3661 venere,
2205 3599 2292 3662 qui
2331 3612 2427 3661 per
2462 3611 2524 3646 se
2575 3614 2722 3663 gens

1622 3691 1808 3739 magna
1844 3683 1897 3726 et
1929 3676 2137 3727 valida:
2167 3675 2232 3724 de
2255 3674 2481 3724 moribus
2504 3674 2719 3733 Germ.

1624 3757 1707 3803 16.
1776 3753 2006 3809 Doctiss.
2025 3760 2194 3802 autem
2219 3752 2296 3802 vir
2317 3751 2463 3814 legit,
2469 3751 2721 3815 flagrat&

1623 3831 1810 3880 tissima
1851 3820 1952 3881 coh.
1985 3846 2023 3880 s.
2060 3833 2097 3881 i.
2133 3836 2363 3893 manente,
2404 3845 2429 3878 e
2469 3831 2719 3883 Chaucis.

1624 3909 1811 3961 Nonne
1868 3910 2145 3958 invalidum
2204 3908 2419 3958 Civilem
2472 3905 2721 3959 facimus

1623 4000 1739 4034 cum
1767 4000 1867 4033 una
1905 3992 2100 4034 tantum
2133 3984 2379 4034 cohorte?
2411 3998 2627 4047 namque
2665 3990 2721 4037 ιε

1627 4061 1797 4111 Civilis
1839 4062 1952 4110 illuc
1993 4061 2258 4111 intenderat
2302 4075 2393 4109 nou
2438 4059 2718 4123 invalidus,

1621 4139 1703 4199 ὅτ.
1770 4135 1844 4187 At
1869 4136 2040 4185 victus
2061 4135 2179 4198 fuit,
2199 4150 2298 4185 non
2337 4133 2579 4183 inficior:
2618 4151 2717 4187 vo·

1621 4227 1732 4262 rum
1754 4228 1856 4262 non
1875 4210 2198 4277 profligatus.
2265 4211 2361 4260 Sed
2377 4210 2578 4261 obstitit
2600 4214 2717 4263 oin.

1623 4290 1834 4341 centibus
1885 4304 2086 4359 pravum
2127 4288 2263 4349 inter,
2292 4288 2417 4354 ipsos
2451 4294 2717 4347 certantes
