3009 4942
514 430 689 498 4402

512 591 680 643 melius
697 591 855 642 aditu
873 586 1111 654 ortusque]
1141 587 1448 655 Prodigiose
1464 602 1577 637 cor-

512 674 699 732 ruptus
747 669 893 716 locus
947 671 1046 715 est.
1129 666 1269 728 Lego
1323 665 1574 730 differunt.

511 745 638 806 Eius
674 745 832 793 aditus
866 747 1135 807 portusque,
1157 744 1237 805 ξε.
1305 744 1428 804 Eius
1465 744 1576 795 scil.

510 819 692 869 insulae
719 819 1002 869 Hiberniae.
1054 819 1325 868 Rhenanus.
1397 818 1575 869 Dane-

511 895 619 946 sius
642 896 885 959 legebat:
921 896 1050 944 haud
1069 899 1268 945 multum
1309 911 1339 945 a
1373 896 1578 946 Britan-

509 973 595 1022 nia
615 972 808 1036 differt.-
840 973 941 1034 eius
970 973 1149 1036 aditus,
1188 976 1269 1038 qv.
1336 973 1575 1026 Ursinus.

507 1049 752 1099 Muretus
774 1049 1005 1114 legebat,
1037 1049 1267 1113 differant
1305 1051 1357 1099 in
1392 1051 1575 1100 melius.

450 1178 459 1193 ¹
507 1128 688 1176 Aditus
739 1132 1020 1191 ponasque.-
1065 1142 1218 1193 quam
1266 1128 1575 1193 scripturam

508 1205 817 1267 amplectar,
840 1204 881 1252 si
916 1203 1192 1267 sententia,
1215 1219 1366 1270 quam
1390 1204 1576 1270 gignit,

505 1293 650 1328 vera.
718 1279 918 1329 Dubito
939 1282 1075 1330 enim
1094 1294 1173 1329 van
1199 1280 1446 1330 Hibernia
1478 1280 1578 1330 dif-

506 1352 647 1404 ferat
670 1355 722 1404 in
743 1356 926 1405 melius
944 1372 974 1405 a
992 1357 1283 1407 Britannia.
1350 1358 1575 1421 Propior

506 1447 621 1482 sum
643 1435 857 1484 credere
882 1435 1161 1499 diversum,
1175 1442 1230 1485 et
1253 1435 1429 1486 addita
1454 1452 1573 1500 par·

506 1511 670 1560 ticula
690 1518 913 1575 negante
937 1512 1184 1575 scribere,
1209 1513 1335 1563 hand
1373 1516 1571 1563 multam

504 1604 535 1637 a
574 1590 835 1640 Britannia
876 1590 1127 1655 differunt,
1167 1606 1252 1640 nec
1293 1592 1345 1640 in
1385 1593 1570 1642 melias.

507 1662 696 1719 utrum
717 1667 888 1717 verius
927 1668 1016 1730 sit,
1053 1668 1180 1717 illud
1208 1669 1412 1734 quidem
1447 1670 1568 1719 mihi

503 1750 723 1807 certum,
745 1759 926 1795 vocem
958 1747 1124 1796 melias
1145 1748 1568 1811 praecedentibus

506 1819 601 1867 tali
644 1819 813 1885 aliqua
856 1823 1218 1872 emendatione
1269 1825 1569 1888 aptandam,

503 1907 609 1943 non
630 1908 748 1944 cum
770 1898 1121 1963 sequentibus,
1151 1904 1211 1950 ut
1233 1914 1368 1951 nunc
1393 1903 1568 1965 vulgo,

502 1972 937 2037 conjungendam.
1037 1977 1175 2026 Nam
1231 1993 1327 2028 nec
1389 1992 1566 2028 sensus

500 2048 783 2112 quidquam
829 2050 935 2100 illic
983 2051 1046 2101 ab
1092 2067 1154 2102 ea
1212 2054 1456 2118 juvatur:
1512 2062 1569 2104 et

500 2125 822 2175 concinnitas
857 2132 1130 2177 structuras
1154 2129 1330 2178 nescio
1358 2144 1567 2195 quomo·

502 2199 571 2250 do
607 2201 831 2253 laeditur.
897 2204 1011 2253 Nisi
1035 2206 1149 2270 quis
1172 2204 1310 2256 forte
1343 2215 1567 2270 mutare,

498 2290 623 2325 sane
648 2291 747 2327 non
783 2279 1127 2345 incommode,
1154 2283 1224 2332 ita
1248 2285 1425 2333 malit:
1464 2285 1567 2334 Mi·

499 2353 665 2402 litibus·
678 2355 841 2404 aditus
857 2363 1112 2421 ponamque
1139 2374 1228 2423 per
1248 2376 1364 2410 com.
1388 2366 1434 2410 et
1453 2377 1564 2425 neg.

498 2431 700 2491 cogniti.
718 2430 946 2493 Agricola
963 2437 1223 2500 expulsum,
1240 2441 1322 2501 ⁸5⁶·
1376 2437 1534 2489 Acid.

514 2558 519 2565 ,
564 2507 701 2557 cst.
731 2512 815 2559 25.
850 2510 1035 2572 Infesta
1065 2513 1227 2563 hostili
1247 2516 1459 2565 exercitu
1480 2517 1566 2566 iti-

487 2597 613 2632 -nera
647 2585 955 2650 timebantur]
1008 2589 1074 2639 V.
1100 2605 1145 2639 c.
1172 2589 1350 2655 habet,
1381 2592 1566 2642 hostilis

497 2662 765 2712 exercitus.-
797 2670 851 2713 et
875 2666 1049 2729 paullo
1073 2676 1225 2731 post3
1263 2670 1564 2720 Caledoniam

490 2737 750 2789 incolentes
772 2744 953 2805 populi.
1019 2746 1256 2797 Ursinus.
1505 2776 1518 2787 -

567 2815 746 2866 Portas
790 2819 935 2868 classe
987 2821 1273 2885 exploravit]
1359 2820 1536 2886 Opino

496 2891 848 2958 scribendum,
893 2897 1032 2960 prius
1084 2901 1229 2949 classe
1277 2902 1561 2964 exploravit.

484 2969 625 3019 -Mox
640 2972 843 3022 mallem
865 2973 1055 3036 legere,
1080 2975 1420 3040 impelleretur.-
1443 2993 1561 3027 nam

493 3046 746 3110 sequitur,
782 3052 1050 3101 attollerent
1078 3057 1126 3101 et
1161 3061 1561 3118 compararentur.

499 3121 798 3173 Rhenanus·

480 3234 485 3241 -
543 3203 743 3253 Portus
761 3206 905 3254 classe
924 3208 1211 3272 exploravit]
1257 3211 1327 3261 Et
1348 3211 1444 3260 hoc
1469 3211 1560 3260 im-

480 3280 759 3343 peratorio
792 3280 959 3333 officio
1001 3286 1403 3336 convenienter:
1441 3302 1558 3338 nam

488 3356 729 3420 ,proelium
755 3358 938 3409 navale
960 3368 1200 3424 gesturus
1239 3363 1436 3428 (verbis
1456 3365 1557 3415 Ve-

496 3431 650 3497 getii)
692 3437 1118 3488 consuetudinem
1144 3439 1317 3504 pelagi
1343 3442 1424 3491 vel
1457 3442 1558 3493 loci

494 3513 619 3558 ante
657 3523 986 3574 congressum
1027 3514 1188 3564 debet
1224 3530 1557 3580 cognoscere.

435 3648 443 3653 .
495 3581 674 3634 Caesar
710 3584 801 3635 lib.
826 3601 903 3636 lv.
927 3589 992 3639 de
1012 3589 1136 3641 bell.
1160 3591 1300 3641 Gall.
1321 3607 1437 3656 cap.
1476 3598 1560 3644 2⁰.

500 3656 794 3724 Vir-dangu.

374 3740 383 3751 ·
474 3754 479 3761 ·
560 3737 697 3788 Hinc
730 3746 898 3790 auctus
928 3744 1165 3808 Oceanus]
1199 3745 1556 3798 Pulcherrime

492 3813 721 3879 Lipsius,
739 3818 906 3868 victus.
973 3819 1161 3885 Inepte
1184 3823 1357 3886 vulgo,
1375 3829 1554 3873 auctus.

491 3889 743 3954 Pichena.

556 3971 774 4022 Militari
793 3972 1059 4039 jactantia]
1111 3976 1310 4041 Vulgus
1332 3977 1555 4028 militum

466 4045 878 4109 -jactabundunn
914 4051 1054 4103 Hinc
1074 4054 1219 4118 larga
1238 4055 1372 4106 risus
1391 4063 1554 4107 mate-

466 4123 569 4174 ·ria
593 4127 835 4179 Cornicis.
904 4130 1189 4194 Virdungnoe.

466 4218 471 4227 ·
558 4202 884 4269 caledoniam]
971 4207 1290 4259 Ptolemaeus
1342 4211 1549 4262 Britan-

488 4273 627 4325 niam
665 4279 719 4328 in
741 4282 975 4343 Magnam
1010 4289 1066 4332 et
1102 4285 1312 4334 Parvum
1333 4285 1550 4351 dividit;

463 4350 726 4414 Magnam
747 4366 935 4407 vocans
958 4360 1253 4410 citeriorem
1293 4362 1360 4412 ad
1398 4364 1549 4412 meri-

488 4424 658 4493 Giem3
690 4430 902 4484 Parvum
921 4435 1219 4488 ulteriorem
1250 4439 1317 4489 ad
1339 4445 1549 4506 septen·
1585 4464 1590 4469 ·

1219 441 1440 492 NOTAE
1489 435 1895 492 vammum
1943 441 2024 491 {N

1653 587 1872 638 trionem
1894 603 1908 637 ε
1943 588 2092 652 enjus
2119 586 2305 639 incolo
2339 585 2395 637 iu
2412 585 2644 650 Majatas
2667 590 2722 638 ct

1654 665 1961 715 Caledonios
1996 663 2236 714 distincti
2257 671 2425 728 erant,
2459 664 2519 714 id
2539 670 2646 727 est,
2670 666 2721 715 in

1650 749 1970 806 campestres
2023 748 2079 791 et
2134 747 2423 791 montanos.
2509 741 2720 792 ortelio

1650 817 2067 883 Caledoniorum,
2113 816 2246 868 &cst
2309 818 2462 868 Idem.

1751 896 2059 959 oppugnasse
2112 897 2239 944 ultro
2289 894 2486 943 castella
2533 893 2719 957 adorti]

1648 970 2155 1036 Malim,oppng·nare.
2191 972 2424 1021 Rhenan.
2481 971 2552 1021 V.
2576 972 2723 1021 mlia-

1650 1046 2036 1113 bet,oppagptare
2050 1052 2177 1098 ultro
2190 1049 2614 1098 castelloenadomi.
2627 1049 2724 1099 Ur·

1648 1123 1801 1175 sinus.
1818 1126 2019 1188 Lipsius
2036 1126 2159 1176 olim
2177 1125 2541 1189 suspicabatur
2554 1126 2726 1190 legen·

1650 1199 1791 1264 dum,
1808 1203 2617 1267 oppugnantes‚vel,oppngnavere.·
2641 1217 2724 1252 no-

1649 1275 1856 1326 vissime
1874 1293 1988 1327 cum
2008 1279 2274 1342 Rhenanm
2289 1293 2581 1342 oppugnare.
2611 1280 2720 1343 Ego

1648 1355 1746 1404 etsi
1766 1354 1832 1403 de
1850 1355 2150 1406 sinceritate
2171 1355 2276 1406 loci
2294 1355 2504 1419 dubito,
2522 1362 2719 1406 utcum-

1646 1446 1746 1496 que
1760 1437 1934 1482 tamen
1947 1434 2212 1497 vulgatam
2224 1433 2504 1483 lectionem
2513 1432 2722 1483 defendi

1645 1524 1797 1574 posse
1812 1511 2054 1574 arbitror,
2064 1512 2107 1560 si
2125 1512 2476 1576 intelligamus
2490 1512 2720 1575 verbnm,

1644 1600 1952 1649 oppugnasse,
1988 1588 2102 1651 regi
2137 1603 2168 1637 a
2207 1603 2336 1638 voce
2363 1588 2534 1648 fmna:
2568 1590 2716 1655 quasi

1645 1670 1800 1712 aucta
1811 1661 1972 1713 fuerit
1987 1662 2124 1713 fama
2144 1678 2210 1713 ex
2226 1679 2308 1728 eo,
2320 1665 2458 1729 quod
2476 1665 2718 1715 Britanni

1645 1740 1783 1789 ultro
1846 1747 2235 1804 oppugnassent
2300 1741 2591 1802 Romanos;
2663 1746 2720 1790 et

1641 1814 1761 1864 ideo
1814 1815 2220 1880 distinguerem:
2300 1821 2481 1880 paratu
2541 1832 2715 1879 magno

1642 1893 1855 1955 (majore
1885 1893 2045 1958 sama,
2082 1895 2156 1943 uti
2178 1908 2278 1942 mos
2316 1899 2387 1942 est
2419 1895 2482 1942 de
2520 1893 2722 1957 ignotis,

1642 1984 1931 2032 oppugnasse
1952 1970 2113 2034 ultro)
2138 1972 2330 2023 castella
2367 1970 2545 2020 adorti.
2613 1968 2715 2018 Sed

1642 2045 1820 2097 durior
1862 2062 2040 2098 sensus
2090 2053 2144 2109 et
2185 2047 2527 2110 constructio,
2567 2059 2718 2110 qnam

1642 2129 1702 2173 ut
1744 2124 1870 2174 mihi
1916 2124 2226 2174 satisfaciat.
2292 2124 2521 2175 Pictam.
2606 2122 2712 2172 Hic

1642 2206 1814 2250 tecum
1838 2216 1939 2251 non
1965 2200 2121 2263 facio,
2155 2200 2451 2250 doctissime
2468 2200 2572 2261 vir,
2593 2199 2718 2249 licet

1641 2278 1768 2327 alias
1792 2286 1845 2329 te
1869 2280 1921 2328 in
1939 2280 2101 2329 oculis
2131 2277 2312 2328 feram.
2383 2278 2717 2341 oppugnasse,

1639 2357 1773 2419 loco,
1814 2371 2098 2420 oppugnare.
2164 2356 2388 2418 Tempus
2447 2369 2542 2418 pro
2590 2359 2719 2403 tem-

1640 2446 1784 2495 pore.
1851 2433 2157 2485 Quintilian.
2181 2445 2261 2483 lx.
2283 2435 2331 2481 8.
2349 2433 2365 2459 ⁸
2391 2429 2717 2483 transferun-

1641 2513 1728 2558 tur
1751 2507 1888 2559 enim
1915 2515 2172 2573 tempora,
2197 2510 2295 2558 διο.
2358 2506 2717 2557 Timarchides

1639 2595 1801 2655 negat
1840 2605 1952 2640 esse
1992 2590 2042 2639 ei
2089 2589 2380 2654 periculum
2420 2603 2453 2636 a
2491 2588 2664 2638 securi
2684 2586 2717 2638 :'

1637 2681 1734 2716 esse
1758 2667 1871 2717 vice
1888 2667 2069 2726 fuisse.-
2105 2666 2374 2730 additque,
2396 2665 2411 2692 ‘
2436 2670 2494 2715 at
2515 2679 2587 2714 ne
2611 2679 2717 2714 mo-

1639 2757 1744 2806 rer,
1761 2759 1857 2807 per
1874 2743 2045 2793 omnia
2067 2742 2128 2792 fit
2154 2757 2365 2807 genera,
2387 2756 2488 2805 per
2508 2757 2629 2807 quae
2651 2741 2716 2791 fit

1636 2821 1994 2873 soloecismns!
2070 2821 2224 2874 Quod
2268 2836 2299 2871 a
2342 2819 2602 2884 Dionysio
2646 2819 2713 2868 ad

1631 2895 1805 2947 Amm.
1830 2896 2043 2961 dicitur,
2065 2895 2233 2960 φράσις
2266 2896 2561 2954 ἐκβεβηκυῖα
2591 2894 2717 2959 παρὰ

1631 2973 1744 3024 τοὺς
1790 2973 1986 3040 χρόνους
2027 2978 2125 3024 τῶν
2169 2973 2404 3038 ῥημάτων,
2437 2975 2475 3023 i.
2527 2975 2718 3037 phasis

1634 3066 1823 3114 egressa
1865 3057 2077 3116 tempora
2114 3053 2375 3102 verborum.
2460 3052 2586 3101 Nec
2631 3050 2716 3101 hic

1634 3128 1790 3178 modo
1811 3128 2083 3178 Cornelius
2104 3130 2217 3180 haec
2239 3144 2390 3179 ausus
2414 3135 2532 3179 est:
2556 3129 2574 3156 ‘
2593 3130 2714 3179 Non

1636 3210 1809 3255 tamen
1852 3205 2068 3270 pigebit,
2088 3208 2175 3256 vel
2203 3206 2473 3257 incondita
2506 3220 2576 3255 ac
2598 3205 2715 3256 rudi

1633 3296 1784 3346 voce,
1826 3283 2125 3333 memoriam
2171 3282 2356 3348 prioris
2399 3281 2713 3344 senectutis,

1636 3373 1699 3407 ac
1725 3359 2078 3409 testimonium
2095 3360 2428 3424 presentium
2453 3359 2709 3409 bonorum

1633 3436 1986 3501 composuisse
2007 3434 2041 3486 ι’
2092 3451 2189 3487 nec
2228 3437 2429 3501 primus
2466 3437 2710 3501 protulit.

1634 3514 1808 3564 Plaut.
1850 3515 1998 3564 Poen.
2023 3514 2038 3541 ‘
2065 3512 2246 3564 Nolito
2290 3512 2498 3578 aedepol
2547 3512 2713 3561 divel-

1631 3588 1756 3640 lisse
1778 3587 2014 3655 (pinnas)
2049 3589 2163 3653 jam
2200 3588 2403 3639 duobus
2442 3588 2712 3638 mensibus

1632 3672 1885 3721 volucres
1909 3670 2008 3720 tibi
2030 3675 2184 3720 erunt
2201 3667 2451 3719 hircinae!
2498 3668 2709 3720 Quibus

1629 3747 1685 3796 in
1716 3748 1844 3798 locis
1869 3747 1994 3797 satis
2015 3753 2199 3811 aperte
2220 3745 2533 3810 composuisse
2554 3751 2614 3795 et
2633 3743 2709 3794 dt·-

1630 3824 1813 3872 rellisse
1840 3822 2073 3887 ejusdem
2095 3829 2221 3873 sunt
2243 3829 2382 3872 notae
2407 3822 2562 3886 cujus
2581 3836 2709 3872 cont·-

1621 3914 1797 3963 ponere
1836 3905 1890 3948 et
1911 3899 2148 3950 divellere.
2211 3899 2515 3950 Salinerius.
2586 3898 2705 3949 Nec

1630 3976 1762 4026 dura
1783 3973 2056 4041 παρενθέσει
2078 3982 2132 4027 et
2155 3976 2549 4028 constructione
2573 3986 2706 4038 opus

1630 4061 1714 4106 est
1754 4069 1852 4104 nec
1890 4053 2182 4104 mutatione
2220 4058 2531 4115 temporum.
2597 4046 2705 4100 Sed

1629 4131 1921 4182 rectissime
1943 4130 2198 4193 Piclrena²
2220 4127 2349 4180 δια*
2421 4128 2636 4178 Gronov.

1694 4209 1883 4258 Metam
1904 4213 1959 4258 ut
1987 4204 2314 4272 prouocantes]
2366 4204 2600 4254 Multum
2623 4203 2704 4252 in·

1603 4290 1792 4336 -terest
1847 4285 1948 4353 (ait
1990 4285 2167 4350 Scipio
2210 4282 2348 4346 apud
2395 4280 2604 4333 Bivium
2659 4281 2704 4330 l.

1625 4362 1855 4430 xxvnr.)
1892 4364 2088 4414 alienos
2121 4363 2426 4428 populorum
2460 4359 2596 4415 fines
2619 4372 2699 4411 aa

1623 4446 1742 4493 tuos
1784 4441 1866 4494 uri
1917 4439 2258 4507 exsultatque
2295 4438 2528 4491 videant.
2565 4437 2701 4490 Plus
