3009 4942
890 442 1037 494 mn.
1087 443 1137 493 1.
1187 444 1351 494 cAr.
1395 429 1504 495 38.
1554 447 1990 499 ANNAmmu.

271 648 276 652 ι
385 582 448 633 zu
466 583 663 634 hiberna
687 584 978 649 sidusquam]
1012 585 1211 637 Vitium
1235 587 1386 651 hujus

318 658 558 714 lectionis
595 661 1005 713 animadversum
1038 664 1164 713 viris
1199 664 1386 713 doctis.

320 735 642 786 Medicinam
668 745 958 802 tentavere,
982 755 1100 804 quae
1141 738 1390 789 facillima

316 811 438 876 fuit,
476 815 752 865 observato
794 831 936 866 more
978 817 1234 868 militiae.*
1297 819 1387 868 vi·

319 888 450 939 tium
496 906 563 939 ex
619 892 827 955 ingenio
870 893 1003 944 vidit
1056 896 1388 960 cunctisque

318 966 609 1016 Mercerus.
702 969 822 1034 Ego
872 972 1222 1036 manuscripti
1282 971 1389 1021 fide

321 1041 586 1094 confirmo.
653 1045 884 1096 Pinum.

380 1120 500 1170 Non
540 1120 806 1172 abscessere
849 1122 1068 1185 quintani
1109 1123 1388 1172 unetvicesi-

312 1197 560 1260 manique]
644 1198 779 1258 Ergo
835 1199 1023 1264 reliqui
1076 1199 1389 1261 abscessere,

300 1273 465 1337 ‘prius
490 1289 643 1338 quam
675 1274 738 1323 iis
777 1275 830 1323 in
852 1276 1036 1325 castris
1066 1276 1288 1339 pecunia
1311 1276 1389 1338 ip-

317 1349 388 1399 sis
412 1352 834 1413 persolveretur?
900 1352 1211 1402 Necessario
1244 1352 1389 1401 vide·

319 1433 409 1477 tur
431 1429 578 1491 sequi
594 1444 660 1478 ex
684 1430 781 1478 hac
817 1430 1074 1491 lectione;
1125 1429 1216 1478 sed
1260 1430 1388 1479 nihil

318 1506 427 1555 tale
459 1507 709 1555 Tacitus:
760 1507 915 1555 immo
950 1506 1144 1555 diserte
1186 1515 1391 1556 contra-

320 1579 457 1630 rium
507 1596 658 1630 mox:
707 1581 724 1609 ‘
767 1580 878 1630 fisci
932 1583 998 1630 de
1066 1583 1389 1645 Imperatore

319 1658 496 1723 rapti!
560 1658 709 1708 Infra
745 1673 785 1707 1.
820 1662 903 1708 42.
948 1661 964 1687 ‘
986 1673 1089 1708 uon
1127 1658 1388 1721 missione,

317 1749 425 1785 non
446 1737 670 1799 pecunia
707 1734 962 1785 satiatos?
1026 1736 1180 1788 Quod
1204 1736 1389 1800 dicam,

321 1826 424 1862 non
460 1812 653 1875 habeo,
687 1813 785 1861 nisi
827 1811 967 1863 forte
1005 1814 1181 1877 placet
1215 1813 1390 1876 legen-

324 1887 478 1938 dum:
526 1889 641 1937 Non
682 1889 962 1952 abscessere,
1003 1891 1168 1951 donec,
1205 1892 1286 1953 qe.
1328 1895 1387 1939 ut

321 1965 388 2015 de
411 1966 647 2017 omnibus
670 1968 784 2017 istis
809 1968 1093 2032 legionibus
1132 1968 1387 2031 intelliga-

320 2046 438 2092 tur:
476 2059 594 2108 quae
627 2052 774 2095 certe
797 2058 971 2095 omnes
1002 2045 1053 2094 in
1078 2045 1190 2110 pari
1213 2060 1385 2095 causa.

322 2120 427 2170 Sed
450 2122 573 2186 quia
602 2121 883 2185 subjicitur
905 2123 1128 2187 primam·
1159 2128 1216 2172 et
1251 2122 1390 2172 vice·

324 2200 508 2248 simam
539 2200 771 2264 legiones
805 2201 858 2249 in
895 2199 1115 2257 hiberna
1148 2198 1389 2249 reductas

322 2278 503 2341 fuisse,
525 2278 707 2342 aliquis
724 2277 860 2327 forte
880 2278 1086 2342 putavit
1106 2278 1253 2341 illud,
1276 2279 1390 2328 Non

322 2354 599 2414 abscessere,
625 2354 691 2405 de
714 2354 899 2419 quinta
931 2361 987 2405 et
1020 2355 1392 2406 unetvicesima
1425 2382 1428 2385 ι

324 2438 528 2483 tantum
547 2431 749 2495 legione
774 2432 895 2482 dici.
936 2432 1041 2482 Sed
1064 2434 1392 2484 consideran-

324 2508 447 2559 dum
469 2514 586 2559 erat
614 2523 727 2558 eam
751 2510 1101 2574 primanorum
1122 2511 1390 2561 vicesima·

322 2597 613 2649 norumque
635 2584 987 2634 reductionem
1008 2583 1203 2636 factam
1233 2585 1390 2636 fuisse

326 2661 596 2723 persoluta
606 2661 717 2724 jam
737 2661 971 2724 pecunia.
1037 2662 1175 2725 Ergo
1201 2661 1284 2711 bic
1318 2663 1389 2711 vi·

324 2737 484 2786 detur
501 2736 664 2786 fuisse
701 2738 926 2787 auctoris
952 2753 1149 2788 sensus.
1216 2739 1392 2803 Largi-

325 2815 401 2865 tio
440 2812 780 2865 differebatur
802 2815 853 2863 iu
887 2813 1131 2863 hiberna:
1165 2813 1394 2878 legiones

325 2895 634 2954 praeseutem
658 2889 955 2954 exigebant,
974 2906 1037 2941 ea
1069 2896 1294 2954 accepta
1315 2905 1393 2941 re-

328 2967 539 3017 dierunt
560 2968 613 3016 in
634 2966 867 3016 hiberna.
934 2966 1113 3015 Prima
1134 2972 1189 3016 et
1212 2966 1394 3017 vicesi-

326 3058 416 3094 ma
450 3044 505 3093 in
527 3044 726 3102 Ubios;
761 3044 974 3108 reliquae
996 3042 1112 3092 duae
1153 3041 1219 3091 ad
1240 3044 1396 3092 Vete-

331 3133 421 3170 ra:
455 3135 672 3186 quarum
710 3120 1023 3170 mentionem
1053 3119 1274 3183 distulit,
1308 3119 1397 3170 do·

327 3210 426 3248 uec
446 3197 729 3247 alterarum
747 3197 1056 3247 seditionem
1072 3196 1224 3260 plene
1246 3210 1397 3246 euar-

328 3277 526 3336 rasset3
560 3274 747 3324 deinde
782 3275 963 3323 horum
1003 3274 1162 3323 etiam
1208 3274 1394 3323 tumul-

330 3354 439 3399 tum
463 3365 772 3416 poenamque
794 3358 1112 3415 exsequutus
1142 3358 1224 3400 est
1264 3348 1396 3399 infra

330 3440 377 3476 e.
399 3438 550 3477 κων.
586 3426 951 3477 Freinshemius.
1021 3426 1106 3477 Sic
1134 3425 1393 3489 iuterpre-

329 3507 413 3552 tor
465 3505 733 3554 immotam
804 3504 1028 3568 priscam
1098 3503 1394 3552 lectionem.

331 3580 461 3630 Cum
498 3580 829 3646 acquiessent
862 3580 1082 3644 primani
1119 3587 1175 3630 et
1214 3580 1395 3630 vicesi-

329 3657 486 3719 mani,
501 3655 708 3705 tardum
731 3654 833 3706 fuit
852 3656 1112 3720 quintanis
1134 3656 1396 3705 unetvice-

329 3731 639 3796 simanisque
661 3740 988 3796 exspectare,
1026 3720 1193 3781 donec
1231 3731 1282 3780 in
1317 3731 1393 3780 hi-

330 3807 492 3858 berna
510 3810 812 3859 veniretur:
848 3809 1066 3874 ideoque
1102 3809 1393 3859 occlamita-

326 3893 515 3936 verunt
538 3886 898 3947 minitabundi,
918 3899 1019 3934 nou
1042 3899 1097 3933 se
1121 3884 1394 3946 vestigium

326 3967 575 4022 moturos,
600 3977 698 4009 non
722 3963 770 4008 in
794 3960 967 4009 officio
983 3959 1314 4022 futuros,nisi
1339 3965 1396 4009 et

327 4039 520 4087 nummi
546 4045 1077 4101 repraesentarentur:
1113 4050 1211 4085 nec
1235 4037 1394 4085 desti-

326 4121 506 4165 terunt
530 4115 852 4176 tumultuari,
874 4114 1038 4163 donec
1079 4113 1391 4163 concederet

326 4193 690 4244 Germanicus.
758 4191 877 4241 Hoc
903 4207 1019 4243 cum
1056 4192 1395 4241 extorsissent

324 4269 445 4320 date
466 4270 706 4334 legiones
726 4267 1000 4332 improbae,
1019 4270 1062 4318 si
1082 4282 1195 4317 non·
1217 4281 1394 4317 neces-

325 4346 484 4413 sario,
499 4352 558 4397 at
580 4345 871 4410 prudenter
884 4345 1102 4411 placuit,
1120 4350 1187 4396 ut
1197 4343 1396 4396 modes-

2325 434 2526 503 'aem

1464 588 1686 639 tioribus
1726 596 1783 641 et
1827 606 2020 642 moram
2053 592 2229 659 ,passis
2265 595 2400 645 ultro
2432 609 2529 660 par

1459 666 1623 715 honor
1676 667 1992 730 haberetur;
2041 685 2110 721 ae
2157 670 2237 720 mi
2285 672 2525 723 viduus

1461 743 2046 795 commacina-fumus
2082 747 2233 796 sociis
2255 747 2529 814 profuisse,

1460 833 1635 868 rursus
1657 829 2113 885 exasperarentur,
2131 829 2187 872 et
2209 825 2340 874 male
2375 825 2531 875 obru-

1463 902 1573 945 tum
1620 896 1914 947 incendium
1959 908 2273 964 resurgeret.
2345 901 2529 950 Grono-

1461 987 1585 1024 esus.

1532 1051 1651 1100 Cum
1692 1051 1810 1117 fisci
1851 1054 1910 1102 de
1953 1054 2268 1118 Imperatore]
2331 1055 2530 1120 Tangit

1461 1142 1566 1177 nou
1587 1128 1743 1177 dubie
1768 1143 1960 1179 morem
1984 1129 2226 1194 priscum,
2248 1145 2349 1195 quo
2371 1146 2529 1196 pecu·

1463 1207 1576 1253 nias
1615 1206 1822 1255 solitum
1858 1206 2121 1269 deponere
2164 1206 2228 1255 ad
2274 1207 2457 1271 signat
2492 1207 2532 1258 ii

1464 1280 1601 1330 enim
1624 1281 1874 1331 militares
1897 1282 1987 1344 dii,
2007 1282 2061 1331 id
2092 1283 2358 1348 templum.
2424 1285 2530 1336 Ve⁴

1463 1357 1635 1422 getius
1657 1372 1718 1409 ιι.
1740 1364 1825 1409 20.
1880 1360 2026 1410 Suet.
2047 1360 2240 1411 Domit.
2261 1375 2310 1410 c.
2328 1365 2378 1411 7.
2410 1361 2527 1426 Lip-

1462 1449 1577 1484 stus.

1530 1512 1664 1563 Fisei
1696 1515 1753 1563 de
1774 1513 2058 1577 inperatore
2094 1513 2240 1579 rapti,
2265 1514 2393 1564 inter
2425 1514 2527 1577 sig·-

1463 1588 1549 1653 κα]
1581 1589 1751 1651 Sacci,
1784 1590 1872 1654 qui
1897 1590 2171 1653 pecuniam
2204 1589 2532 1654 imperatoris

1464 1665 1811 1726 continerent,
1836 1666 1901 1715 ab
1925 1666 2015 1715 illo
2038 1680 2134 1730 per
2156 1666 2344 1715 milites
2368 1665 2528 1730 rapti,

1463 1749 1519 1790 et
1540 1742 1675 1791 inter
1692 1742 1841 1806 signa
1863 1743 2110 1792 militaria
2132 1743 2360 1793 traducti
2390 1749 2533 1807 sunt,

1462 1817 1551 1867 ubi
1574 1819 1777 1880 privata
1800 1819 2017 1868 militum
2035 1820 2273 1884 pecnnia,
2294 1834 2360 1869 ex
2385 1820 2533 1870 dimi-

1461 1892 1549 1942 dia
1573 1894 1821 1957 donativi,
1838 1894 2017 1944 decem
2040 1896 2203 1945 saccis
2228 1896 2532 1948 adservaba-

1463 1977 1567 2033 tur,
1607 1987 1673 2021 ex
1695 1985 1838 2022 more
1864 1972 2049 2034 veteri,
2067 1971 2133 2022 de
2157 1987 2259 2037 quo
2269 1973 2526 2036 vegetius

1462 2060 1526 2096 11.
1549 2051 1629 2097 20.
1698 2049 1774 2097 Eo
1813 2049 2043 2112 pertinet
2083 2049 2313 2100 edictum
2348 2051 2532 2101 Domi-

1464 2124 1614 2188 tiani,
1636 2133 1819 2177 vetans
1857 2129 1873 2154 ⁴
1896 2128 2169 2193 plusquam
2209 2129 2346 2179 mille
2391 2144 2535 2179 num·

1463 2215 1577 2250 mos
1622 2217 1653 2251 a
1694 2215 1951 2266 quoquam
1993 2203 2058 2252 ad
2105 2203 2252 2267 signa
2296 2203 2528 2269 deponi,’

1467 2284 1604 2330 teste
1622 2278 1888 2329 Suetonio.
1954 2281 2128 2332 Quare
2151 2280 2299 2330 miles
2323 2280 2533 2346 quidam

1466 2355 1543 2404 ita
1565 2355 1777 2418 legavit,
1805 2354 1821 2384 ‘
1840 2355 1973 2404 Dari
1995 2356 2114 2406 volo
2140 2371 2172 2404 a
2192 2356 2333 2407 Julio
2357 2362 2534 2407 actore

1467 2445 1649 2480 aureos
1670 2436 1775 2481 tot:
1815 2437 1872 2481 et
1907 2432 1958 2481 in
1994 2432 2179 2482 eastris
2220 2448 2347 2496 quos
2368 2433 2533 2483 habeo

1468 2513 1581 2570 tot,’
1625 2513 1684 2556 ut
1727 2515 1807 2557 est
1851 2508 1987 2571 apud
2009 2508 2292 2572 Juliauum,
2317 2509 2533 2559 l.=xcvr.

1466 2585 1540 2635 D.
1564 2582 1628 2632 de
1650 2584 1838 2647 legatis
1856 2598 1897 2634 1.
1922 2584 2155 2649 Indeque
2178 2584 2376 2636 dictum
2395 2598 2538 2650 peen-

1466 2659 1585 2709 uum
1605 2665 1853 2711 castrense.
1920 2657 2246 2712 Vertranius.
2294 2691 2297 2694 ·

1532 2737 1765 2799 Legiones
1801 2738 1924 2786 nihil
1959 2739 2195 2802 contritus]
2250 2737 2380 2802 Imo,
2420 2748 2530 2787 eon·

1466 2817 1625 2864 tutas.-
1659 2814 1737 2864 uti
1784 2814 1847 2863 ad
1892 2814 2119 2878 legiones
2161 2815 2298 2879 ipsas
2319 2814 2536 2868 referas.

1467 2890 1678 2954 Lipsius.

1533 2966 1766 3029 Legiones
1782 2968 1905 3018 nihil
1923 2967 2184 3031 cunctata]
2226 2946 2315 3018 ἕίο
2338 2968 2536 3032 optime

1471 3042 1616 3094 Mau.
1650 3044 1793 3093 Male
1811 3043 1971 3108 prius,
1992 3049 2268 3104 cunceatus,·
2291 3044 2429 3110 quod
2452 3058 2539 3094 an-

1471 3125 1557 3169 tea
1591 3133 1658 3168 ex
1697 3119 1903 3182 ingenio
1928 3118 2368 3169 animadverterat
2390 3134 2542 3184 saga·

1470 3195 1703 3246 eissimns
1725 3196 1945 3260 Lipsius.
2013 3196 2241 3246 Pie-liena.

1537 3273 1673 3322 CAP.
1698 3276 1779 3321 38.
1802 3273 1940 3322 Bono
1959 3274 2112 3333 mag-is
2139 3274 2368 3335 exemplo,
2398 3286 2543 3334 quam

1470 3348 1819 3411 concessojure]
1840 3349 1949 3397 Soli
1966 3349 2104 3398 enim
2119 3348 2194 3396 illi
2200 3348 2289 3411 jus
2307 3348 2539 3410 plecten-

1471 3426 1524 3475 di
1542 3425 1735 3488 militis,
1748 3425 1836 3490 qui
1853 3424 2115 3475 exercitus
2131 3429 2324 3473 rector.
2347 3423 2417 3471 Et
2434 3421 2539 3471 Au·

1470 3501 1610 3565 gusti
1650 3501 1859 3565 quidem
1903 3500 2148 3549 instituto
2187 3496 2355 3563 (quod
2394 3496 2538 3561 apud

1468 3578 1698 3627 Dionem
1722 3578 1853 3627 libro
1874 3576 2022 3641 mn.)
2044 3577 2166 3625 solis
2190 3574 2540 3639 Propraetori·

1470 3653 1567 3702 bns
1588 3654 1697 3702 sive
1721 3654 1906 3717 legatis
1932 3651 2175 3717 Augusti,
2208 3666 2335 3715 quos
2360 3649 2537 3714 gladio

1468 3729 1817 3790 succinxerat‚
1838 3729 1892 3778 id
1901 3731 1991 3793 jus
2013 3727 2143 3779 fuit:
2170 3735 2356 3791 postea
2376 3724 2537 3775 etiam

1470 3807 1879 3870 proconsulibus,
1925 3804 2278 3869 universisque
2330 3800 2540 3864 provin·

1468 3884 1665 3933 ciarum
1717 3883 2023 3945 rectoribus,
2061 3896 2127 3931 ex
2170 3882 2288 3942 lege
2340 3890 2419 3925 vl.
2452 3876 2536 3926 De

1469 3957 1557 4010 off.
1582 3959 1787 4023 praesid.
1852 3961 2045 4008 Saltem
2070 3963 2129 4006 ut
2166 3953 2414 4018 punirent
2440 3951 2537 4001 mi·

1469 4035 1586 4083 lites
1627 4035 2053 4099 gregarios.‚leg.
2091 4044 2171 4080 tx.
2204 4029 2286 4078 De
2331 4025 2538 4079 custod.

1470 4126 1705 4160 reorum:
1740 4115 1755 4139 ‘
1775 4113 1879 4164 Qui
1904 4110 2187 4158 exercitum
2209 4104 2424 4170 accipit,
2445 4103 2537 4168 jus

1470 4186 1920 4236 animadvertendi
1960 4186 2012 4234 in
2053 4184 2245 4234 milites
2284 4181 2535 4246 caligato·

1467 4263 1663 4314 habet.’
1726 4263 1934 4326 Lipsius.

1535 4342 1673 4391 Bm
1708 4341 1866 4404 magis
1900 4338 2536 4407 campimqunoeneom
