3009 4942
730 386 917 455 im.
964 404 1067 454 ιν.
1115 405 1283 454 cst.
1329 385 1439 454 48.
1486 376 2052 453 msa-onustum,

2338 383 2515 457 4293

303 560 521 600 marest
553 554 665 599 tum
693 550 912 600 alteram
933 551 1162 601 litteram
1183 548 1377 627 divide,
1449 548 1552 598 lam
1574 548 1746 612 pariat
1767 545 2133 598 confusionem.
2194 543 2428 595 Piclteua.

307 625 470 679 babes
492 632 710 679 autores:
744 627 796 676 id
821 633 920 690 est,
941 642 1049 676 rem
1080 634 1138 677 et
1166 632 1374 676 senteu-

307 704 438 755 tiam
481 720 696 757 meram.
762 704 811 753 Ο
859 719 1010 769 quam
1050 703 1187 752 levia
1230 714 1371 766 saepe

309 781 549 830 turbant!
589 781 797 844 Lipsius.

372 857 507 907 cu.
529 862 610 908 44.
647 860 861 922 Coeptam
882 856 1171 921 libertatem]
1202 856 1370 906 Prisci

302 931 445 995 libri,
471 938 751 998 coeptatam:
785 949 852 982 ex
869 949 973 999 quo
1005 934 1370 998 velim,coepta·

300 1013 405 1059 tam
426 1015 629 1063 tantum.
695 1010 916 1074 Lipsius.

314 1133 322 1139 ,
374 1087 584 1148 Coeptam
603 1086 889 1150 libertatem]
922 1088 1066 1150 Cape
1088 1087 1367 1151 inceptam.

298 1159 568 1211 Ferrettus.
635 1162 825 1225 Vulgo,
844 1169 1060 1227 coeptam.
1125 1163 1228 1213 Sed
1252 1164 1368 1214 Flo-

300 1244 441 1287 reut.
460 1246 515 1286 et
533 1239 657 1287 alios
680 1248 882 1289 veteres
902 1248 1113 1291 secutus
1142 1242 1368 1304 reposui,

296 1319 567 1378 cqptatam.
618 1314 865 1365 Pichena.
948 1317 1070 1366 Nou
1115 1317 1365 1368 abhorreo

299 1384 369 1441 ub
392 1405 457 1440 eo
490 1392 627 1456 quod
660 1400 837 1442 servat
871 1394 999 1443 edit.
1035 1396 1167 1445 Ven.
1196 1401 1367 1460 coepta·

298 1471 432 1518 tam.-
456 1475 604 1519 tanto
625 1469 831 1534 quidem
852 1472 1040 1532 minus,
1055 1472 1189 1536 quod
1216 1487 1368 1536 prox-

298 1542 404 1593 ime
438 1548 731 1610 usurparit:
771 1550 786 1576 ‘
812 1548 975 1597 Simul
998 1563 1089 1598 eos
1112 1550 1201 1614 qui
1227 1564 1366 1615 coep-

297 1619 442 1684 tam,'
467 1625 568 1672 &c.
634 1626 822 1689 Neque
844 1625 1004 1675 iteret
1035 1625 1189 1675 facile
1211 1642 1365 1677 voces

297 1697 508 1747 easdem
554 1701 902 1765 admittatque
942 1702 1155 1751 alteram
1195 1703 1365 1753 analo-

294 1774 398 1838 gia.
468 1776 666 1829 Gruter.

369 1852 619 1903 Octavium
635 1854 905 1920 Sagittam]
929 1854 1198 1920 Adjiciunt
1222 1856 1363 1907 Flor.

295 1933 357 1977 et
388 1928 526 1978 Ven.
564 1930 815 1980 Octavium
838 1931 1069 1995 Sabinum
1100 1931 1362 1994 Sagittam.

294 2003 495 2053 Tamen
535 2006 570 2055 l.
593 2019 719 2056 1111.
744 2008 834 2057 ubi
857 2007 921 2057 de
941 2008 1040 2057 bac
1064 2023 1120 2058 re
1142 2008 1202 2058 fit
1222 2023 1363 2057 men-

296 2080 390 2145 tio,
412 2083 550 2131 nulla
572 2091 656 2133 est
676 2083 894 2135 additio.
959 2085 1189 2134 Picheua.

364 2161 500 2211 CAP.
521 2166 605 2212 45.
647 2164 861 2221 Manlius
888 2164 1155 2227 Patricius]
1188 2164 1361 2216 Vatic.

293 2242 353 2287 et
373 2236 526 2287 Rom.
549 2239 820 2288 Patruitus.
865 2240 1139 2303 ¹Fortasse,
1162 2241 1362 2293 Patrui-

291 2327 412 2362 nus.-
446 2315 583 2378 quod
614 2330 804 2366 nomeu
826 2317 878 2366 in
910 2318 1207 2381 Symmachi
1225 2318 1360 2383 epis·

291 2390 415 2438 tolis
436 2391 553 2455 plus
579 2395 737 2442 semel
757 2394 917 2458 leges.
987 2394 1197 2458 Lipsius.

359 2466 573 2516 Manlius
599 2469 849 2520 Patruitus
881 2470 1065 2520 ordinis
1098 2470 1360 2534 Senatorii]

290 2541 524 2605 Reposui
555 2558 620 2592 ex
659 2545 798 2595 Flor.
838 2546 1108 2611 Patruitus,
1140 2561 1237 2610 pro
1259 2548 1358 2596 I‘a-

288 2617 482 2680 tricius,
519 2625 579 2668 ut
616 2621 810 2685 vulgo„
857 2621 923 2670 In
967 2622 1087 2672 eod.
1118 2622 1208 2673 lib.
1243 2637 1358 2688 pro,

286 2693 472 2743 ordinis
526 2694 787 2758 Senatorii,
846 2696 1060 2762 legitur,
1131 2697 1354 2749 Senator.

287 2769 399 2819 Sed
441 2771 567 2820 nihil
609 2779 771 2823 muto.
818 2774 1047 2825 Picltena.
1125 2776 1255 2827 Cum
1300 2783 1356 2827 et

286 2847 416 2907 Vat.
455 2855 510 2898 et
548 2850 686 2901 Flor.
707 2850 831 2900 item
856 2852 1163 2904 edit.·Rom.
1187 2853 1356 2918 prima

286 2924 552 2976 retineant
606 2942 707 2976 uno
753 2943 1021 2993 consensu,
1063 2931 1318 2982 Patruitus
1334 2948 1355 2992 ‚-

284 3004 376 3055 vel
395 3018 460 3053 ea
479 3003 546 3054 de
568 3020 726 3055 causa
765 3007 850 3056 hic
883 3007 1086 3071 auctori
1106 3009 1356 3059 redonan-

287 3078 413 3129 dum
435 3089 568 3131 erat.
637 3084 834 3133 Gruter.

356 3157 552 3206 Colonia
573 3157 795 3222 Senensi]
847 3157 1064 3218 Seniensi
1095 3159 1149 3210 in
1182 3159 1354 3219 Vatic.

283 3247 511 3299 semper.
578 3236 789 3300 Lipsius.

365 3313 515 3361 Jussu
567 3312 957 3376 magistratuum]

285 3387 425 3441 enim
463 3390 673 3453 proprie
705 3391 1039 3453 magistratus
1072 3389 1352 3451 municipa-

227 3502 238 3509 ,
281 3462 508 3529 lessuut
529 3465 936 3515 jurisconsultis.
999 3464 1232 3513 Alciatus.

355 3539 490 3590 CAP.
513 3544 594 3591 46.
626 3541 800 3590 Lectus
819 3542 870 3590 in
891 3542 1083 3591 eandem
1112 3555 1241 3603 spem
1261 3541 1351 3590 mi-

283 3615 378 3680 les]
411 3617 581 3681 Magis
617 3619 813 3682 placet,
851 3624 1031 3667 erectus
1063 3618 1116 3666 iu
1158 3620 1351 3666 eandem

280 3708 432 3758 spem,
458 3710 550 3759 pro
573 3709 635 3744 eo
661 3698 798 3760 quod
822 3697 976 3760 vulgo
1000 3696 1211 3759 legitur,
1232 3698 1350 3764 e1e05

283 3775 381 3841 tus,
399 3773 480 3835 ξε.
529 3772 763 3837 Ursinus.
848 3772 1107 3833 Muretus,
1141 3776 1350 3821 erectus.-

284 3847 426 3913 quod
471 3849 781 3898 sententiam
825 3849 1126 3912 corrumpit.
1193 3850 1351 3899 Miles

286 3923 412 3990 quia
432 3925 485 3974 in
507 3940 670 3990 spem,
691 3930 791 3976 διο.
814 3925 841 3954 “
862 3927 1127 3979 Acidalius.

1031 3311 1354 3362 Decurioues

286 4051 294 4057 ,
349 3999 468 4051 Sine
482 4003 632 4052 multa
649 4003 777 4051 ccede
794 4003 907 4065 pelli
923 4001 1169 4065 poterant]
1191 4003 1352 4053 Plura

280 4074 369 4127 hic
406 4077 459 4127 iu
498 4079 1029 4143 Pion-adjiciuntur:
1069 4081 1187 4142 pelli
1217 4085 1351 4144 pote-

281 4158 414 4220 rant,
440 4158 528 4205 sed
562 4156 788 4205 immensa
818 4156 1018 4221 pecunia
1038 4155 1141 4215 ser.
1219 4158 1352 4208 Post

282 4229 396 4281 baec
419 4232 625 4296 pagiuae
646 4233 978 4297 transpositio
995 4233 1065 4283 ibi
1090 4250 1121 4282 a
1142 4234 1351 4286 librario

284 4303 430 4360 facta
447 4305 568 4375 fuit,
588 4307 683 4361 sed
717 4309 847 4360 adeo
876 4309 1109 4376 evidens,
1146 4317 1206 4362 ut
1240 4313 1349 4362 nul-

1513 624 1595 674 Aa
1633 627 1804 689 cadem
1839 621 2182 685 destinaretur]
2214 621 2343 686 Nos,
2372 621 2517 671 desti·

1448 706 1695 752 narentur.
1761 701 2059 750 Rhenanus.

1513 781 1748 829 Preasare
1781 776 2265 841 conuncupatur-ium]
2319 775 2408 826 Ita
2439 777 2516 827 le-

1447 870 1545 919 go:
1592 871 1695 906 non
1736 863 1908 906 tamen
1949 857 2103 918 male,
2130 869 2354 918 prensare
2391 868 2515 903 com-

1445 935 1778 998 manipulares,
1808 933 2008 998 pectori,
2030 931 2286 983 cervicibus
2318 929 2514 981 innecti.

1444 1009 1672 1075 Lipsius.
1776 1043 1783 1050 ·

1510 1090 1748 1138 Prensare
1799 1085 2264 1151 commanipularium
2318 1089 2513 1148 pectora

1440 1166 1697 1218 cervicibus
1748 1167 1951 1229 wei-ta]
2001 1167 2238 1216 Prensare
2296 1163 2510 1213 verbum

1443 1241 1750 1305 delevimus,
1790 1249 1846 1292 et
1905 1257 2001 1305 pro
2048 1240 2517 1304 commanipularium
2538 1266 2563 1281 w

1442 1319 1762 1382 scripsimus,
1781 1333 1885 1368 cum
1916 1317 2296 1381 manipularium,
2317 1330 2413 1379 pro
2435 1316 2510 1364 in-

1426 1395 1582 1457 jecta,
1603 1396 1777 1462 invecti
1791 1413 1807 1445 .·
1840 1396 2210 1456 destinare-vuar,
2231 1409 2338 1442 cum
2356 1393 2509 1442 mani·

1434 1471 1675 1534 patariam
1701 1478 1893 1536 pectora
1925 1470 2179 1522 cervicibus
2208 1470 2399 1532 invecti,
2433 1484 2511 1517 su-

1434 1561 1602 1610 prema
1641 1550 1799 1597 oscula
1832 1552 1992 1612 petere
2003 1563 2023 1605 ;
2077 1547 2174 1596 boc
2217 1551 2316 1610 est,
2356 1550 2502 1607 pete·

1442 1622 1588 1672 bant.
1637 1623 1820 1674 Iuvecti
1841 1622 2102 1687 siguificat
2122 1622 2373 1685 impetum
2395 1634 2507 1671 cer-

1439 1699 1580 1749 vices
1603 1701 1857 1750 sociorum
1897 1698 2322 1764 amplexantium.
2377 1697 2511 1746 Rae·

1437 1789 1605 1826 uanus.
1673 1777 1811 1829 Quid
1836 1783 1917 1827 est
1947 1789 2169 1840 prensare
2179 1771 2411 1838 pectora?
2436 1773 2510 1821 in·
2542 1771 2546 1775 '

1439 1854 1634 1902 usitata
1672 1854 1887 1916 locutio,
1941 1853 2170 1903 absurda
2211 1851 2506 1901 sententia:

1437 1930 1574 1992 quod
1613 1931 1819 1992 Lipsius
1853 1930 2175 1979 intellexisse
2210 1934 2394 1992 postea
2436 1928 2507 1977 vi-

1438 2005 1614 2069 detur,
1645 2022 1762 2055 curn
1800 2007 1960 2070 priori
1984 2006 2336 2055 emendationi
2373 2003 2507 2054 diffi0,

1437 2083 1588 2145 dens,
1627 2099 1727 2133 nou
1773 2085 1906 2133 male
1943 2084 2104 2133 etiam
2141 2082 2294 2132 scribi
2338 2095 2505 2147 posse,

1430 2175 1656 2222 prensare
1682 2162 2115 2224 commanipulares,
2138 2160 2335 2224 pectori,
2356 2159 2504 2210 cerci·

1434 2236 1565 2286 cibus
1584 2237 1778 2287 innecti.
1846 2238 2010 2301 Pejus
2032 2238 2134 2287 boc
2162 2236 2327 2286 multo
2347 2248 2510 2301 quam

1437 2313 1600 2376 prius.
1669 2314 1805 2363 Nam
1844 2320 2188 2378 praeterquam
2235 2310 2373 2376 quod
2407 2326 2503 2361 uec

1427 2390 1612 2451 pectori
1632 2390 1810 2451 inuecti
1828 2396 1972 2441 recte
1996 2389 2211 2452 dixeriS,
2230 2388 2501 2452 inaequalis

1431 2467 1590 2516 etiam
1611 2474 1872 2517 structura
1896 2466 2171 2523 redditur„
2217 2463 2297 2517 At
2314 2470 2372 2513 tu
2403 2477 2501 2528 pro

1425 2549 1622 2607 pectora
1645 2545 1876 2594 rescribe
1914 2542 2124 2592 minima
2151 2540 2501 2605 facillimaque

1431 2622 1715 2670 mutatione
1749 2623 1985 2670 dexteras.
2050 2618 2139 2668 Sic
2178 2616 2278 2666 sibi
2315 2627 2504 2669 couve-

1431 2697 1581 2748 uiuut
1625 2697 1814 2760 omnia,
1853 2711 1956 2760 qua
1999 2695 2051 2744 in
2096 2708 2266 2754 sensu,
2306 2707 2407 2757 qua
2445 2692 2527 2746 in,

1432 2788 1698 2824 sermone:
1749 2775 1989 2822 Prensare
2032 2768 2500 2833 commanipularium

1430 2852 1670 2912 dexteras,
1727 2848 1983 2899 cervicibus
2035 2845 2232 2907 inuecti,
2282 2857 2501 2908 suprema

1429 2930 1779 2992 osculapetere.
1820 2925 2028 2975 Acidal.
2094 2925 2217 2979 Nou
2255 2921 2501 2972 abhorret

1431 3005 1631 3054 animus
1656 3019 1688 3052 a
1707 3002 1972 3068 scriptura
1991 3000 2211 3049 Venetae
2235 2997 2365 3048 edit.
2397 3012 2498 3046 cer-

1429 3079 1609 3129 vicibus
1642 3079 1824 3142 injecti,
1858 3091 2074 3142 suprema
2107 3076 2265 3125 oscula
2301 3080 2463 3139 petere
2479 3089 2497 3123 .·

1431 3170 1601 3221 neque
1624 3156 1774 3204 aliter
1803 3156 1954 3204 Rom.
1979 3167 2132 3219 quam
2170 3151 2308 3217 quod
2345 3152 2390 3202 is
2422 3151 2498 3200 in-

1416 3233 1565 3291 jecta.
1634 3231 1850 3280 Gruter.

1494 3308 1738 3370 Spernunt
1769 3306 1945 3355 oblatos
1982 3302 2148 3366 agros]
2180 3301 2492 3355 Addidimus

1428 3398 1711 3447 pronomen
1749 3381 1860 3431 sibi.
1916 3380 2160 3443 Spernuat
2192 3378 2372 3428 oblatos
2402 3379 2496 3428 sibi

1424 3477 1584 3524 agros.
1620 3461 1913 3511 Rhenanus.
1967 3457 2191 3508 Addidit
2216 3458 2494 3509 Rhenanus

1428 3555 1628 3589 vocem.
1696 3538 1800 3588 Sed
1819 3536 2024 3601 sustuli,
2048 3536 2286 3602 quoniam
2305 3550 2336 3586 a
2351 3537 2494 3586 Flor.

1426 3618 1644 3681 aliisque
1686 3616 1985 3666 melioribus
2025 3614 2172 3664 libris
2211 3613 2377 3679 abest,
2398 3628 2494 3664 nec

1424 3694 1634 3743 videtur
1655 3693 1966 3743 necessaria.
2033 3691 2263 3742 Pictam.

1491 3773 1626 3823 CAP.
1646 3776 1731 3821 48.
1766 3772 2047 3835 Summaque
2067 3771 2213 3820 etiam
2231 3769 2494 3833 miscentis]

1426 3848 1657 3899 Faernus
1681 3848 1971 3900 rectissime
2001 3846 2244 3910 legebat:
2279 3846 2496 3897 Suoma-

1424 3945 1512 3994 que
1547 3936 1593 3980 et
1631 3932 1729 3980 ima
1765 3930 2017 3980 miscentis.
2050 3927 2290 3978 Ursinus.
2356 3927 2492 3977 Cou-

1426 4014 1536 4057 stat
1588 4007 1864 4057 sententia.
1948 4004 2267 4068 conjectura
2316 4009 2490 4052 tamen

1424 4083 1683 4146 Rodolphi
1717 4080 1963 4145 legentis,
1995 4094 2266 4142 summaque
2299 4083 2347 4129 et
2376 4079 2492 4142 irus,

1423 4160 1549 4208 mibi
1567 4172 1775 4221 prorsus
1792 4155 2005 4222 arridet.
2072 4155 2304 4204 Piclteua.

1435 4297 1443 4305 ι
1488 4235 1551 4284 Si
1582 4249 1733 4298 pauca
1775 4249 1917 4298 supra
1951 4231 2161 4296 petiero]
2178 4292 2183 4299 ι
2200 4231 2311 4282 Aut
2337 4245 2488 4297 supra

1421 4313 1682 4379 repetiero:
1722 4320 1784 4364 ut
1822 4312 1877 4364 in
1915 4310 2055 4365 Anu.
2096 4323 2216 4375 xvi.
2262 4312 2277 4339 ‘
2303 4311 2385 4363 De
2424 4309 2486 4363 C.
