3009 4942
393 3913 404 3923 *
489 3909 592 3957 διο.
624 3907 680 3958 iu
712 3909 889 3960 urbem
925 3913 1203 3975 perduxit?

484 357 658 427 4230

551 517 728 571 sumtu
771 522 966 573 Cuianoe
1004 523 1161 588 aque]
1227 524 1315 575 De
1357 523 1554 575 Caiana

484 609 637 661 aqua,
676 597 731 648 id
774 606 872 662 est,
909 608 970 652 ut
1005 602 1203 666 volunt,
1238 602 1552 666 aquaeductu

484 672 576 722 illo
616 681 895 740 sumtuoso,
938 693 1086 743 nugae
1130 694 1347 742 magnae.
1433 680 1552 729 Nec

485 748 689 800 Fen-reti
712 752 919 815 quidem
943 755 1235 804 emendatio
1258 755 1324 804 ad
1349 756 1551 819 genium

486 838 657 877 meum
710 834 800 877 aut
856 829 1121 892 librorum,
1170 833 1363 880 Caianoe
1411 835 1551 883 aaloe.

484 903 654 953 Nobis
675 904 903 956 suboluit
938 907 1175 957 mendum
1198 915 1254 957 et
1275 909 1384 973 ejus
1408 923 1551 958 caus-

487 993 564 1041 sa,
583 995 611 1028 e
635 980 947 1032 deductione
981 986 1210 1048 copulae:
1259 1001 1413 1050 quam
1440 987 1553 1036 red-

486 1055 673 1121 dimus,
694 1059 1031 1124 legimusque,
1064 1066 1250 1125 sumptu
1282 1064 1554 1125 sagumque.

485 1133 693 1198 Saginae
719 1150 819 1184 vox
846 1138 1201 1202 apta,quoties
1227 1139 1291 1186 de
1314 1139 1552 1188 helluoue

487 1208 735 1260 Vitellio:
773 1217 829 1262 et
846 1212 1028 1263 Tacito
1051 1216 1194 1264 velut
1215 1215 1281 1264 de
1298 1215 1554 1266 industria

488 1295 753 1352 usurpata.
821 1290 915 1353 Ut,
934 1292 949 1319 ‘
971 1292 1096 1341 luxu
1120 1301 1175 1343 et
1198 1295 1387 1357 saginae
1411 1310 1552 1344 man-

487 1362 690 1429 cipatus
708 1370 1048 1434 emptasque?
1094 1371 1291 1422 Iterum
1311 1391 1324 1422 ι
1348 1374 1364 1401 ‘
1384 1374 1552 1424 medio

490 1440 575 1490 die
633 1446 945 1496 temulentus
1001 1454 1055 1497 et
1108 1450 1288 1513 sagina
1342 1451 1549 1515 gravis.'

491 1516 608 1567 Nec
635 1520 788 1569 aliter
813 1523 993 1572 Cicero
1019 1540 1113 1589 pro
1136 1528 1325 1578 Flacco
1346 1545 1358 1578 ε
1412 1531 1425 1557 ‘
1450 1530 1553 1583 Qui

490 1596 875 1648 multitudinem
915 1601 1056 1651 illam
1095 1619 1195 1653 non
1221 1607 1552 1669 auctoritate,

490 1671 579 1720 sed
626 1674 803 1736 sagina
844 1676 1092 1727 tenebat?
1125 1722 1136 1730 ,
1176 1679 1306 1730 Haec
1343 1689 1467 1746 apta
1498 1690 1556 1732 et

479 1746 643 1799 bona.
726 1751 973 1801 Palmerii
1030 1760 1201 1804 tamen
1253 1759 1555 1823 conjectura

489 1839 594 1873 non
617 1826 779 1877 miuus
801 1836 967 1892 recta,
987 1838 1174 1895 sumptu
1190 1850 1447 1899 ganeaque.

481 1938 486 1943 .
552 1901 756 1966 Sumpta
782 1907 976 1956 Cuiunoe
996 1910 1151 1973 aquoe]
1186 1913 1326 1965 Quid
1351 1915 1433 1965 hic
1456 1917 1554 1967 sibi

483 1979 618 2028 ‚velit
650 1987 860 2045 &smptus
896 1985 1088 2035 Gaiana·
1120 2004 1269 2053 aquoe,
1294 1992 1553 2059 haudqua-

491 2072 642 2120 quam
667 2057 933 2126 intelligo.
988 2063 1174 2116 deinde
1196 2069 1319 2132 quid
1340 2078 1556 2136 sumptus

491 2132 557 2180 ad
580 2149 747 2199 aquam
772 2134 935 2188 facit?
984 2141 1157 2193 malim
1181 2159 1322 2208 ergo,
1359 2148 1554 2198 Caianae

488 2211 626 2261 uulae.
676 2213 964 2266 Ferrettus.

489 2289 643 2340 tionis
665 2295 720 2339 et
738 2290 989 2343 doctrinae
1011 2295 1180 2346 AEmil.
1197 2299 1554 2365 Ferrettus,et

491 2381 522 2414 a
556 2367 778 2419 maximo
815 2385 939 2435 rege
978 2374 1256 2425 Francisco
1285 2378 1554 2430 literarum

487 2451 708 2505 parente
741 2446 794 2495 in
833 2447 1178 2501 Parisiensem
1219 2454 1426 2506 Curiam
1464 2458 1553 2507 ad-

488 2521 733 2586 scriptus,
766 2523 989 2590 dubitat,
1024 2534 1080 2577 et
1114 2530 1309 2582 Caium
1331 2536 1453 2583 uuloe
1474 2551 1553 2586 re-

488 2599 784 2659 ponendum
808 2609 989 2666 putat:
1027 2607 1164 2671 quod
1187 2625 1215 2658 a
1238 2626 1320 2661 me
1357 2612 1553 2665 dictum

488 2688 555 2722 ne
595 2685 767 2740 putes,
811 2687 871 2728 ut
906 2682 1121 2733 hominis
1165 2687 1371 2738 doctiss.
1413 2690 1554 2740 laudi

482 2749 777 2817 detraham,
797 2756 884 2819 qui
905 2760 1102 2810 omissis
1122 2761 1310 2826 causis,
1329 2772 1384 2815 et
1402 2767 1556 2817 alter-

489 2829 777 2881 cationibus
813 2833 948 2884 illius
985 2835 1083 2887 fori
1120 2840 1451 2906 Parisiensis,
1475 2852 1555 2895 to-

490 2911 601 2954 tum
636 2921 692 2956 se
724 2909 866 2960 Juris
905 2912 1084 2963 Civilis
1122 2916 1421 2979 professioni
1465 2923 1555 2970 ad-

490 2980 643 3033 dixit.
711 2985 879 3037 Quam
901 2988 966 3037 ob
991 3005 1099 3039 rem
1121 2992 1289 3042 locum
1321 2997 1555 3059 pluribus

431 3061 433 3064 ’
489 3057 850 3111 illustrandum
905 3067 1242 3129 suscepimuS,
1296 3086 1361 3119 ne
1429 3075 1554 3138 quid

489 3132 834 3200 antiquitatis,
852 3140 1057 3204 quoad
1046 3155 1097 3188 ιιι
1121 3145 1268 3193 nobis
1291 3148 1411 3212 enit,
1427 3164 1558 3213 prae-

493 3213 832 3264 termittatur.
900 3217 1083 3283 Itaque
1107 3221 1319 3285 Sueton.
1354 3225 1407 3274 in
1441 3226 1554 3277 Cal.-

490 3290 566 3340 sic
589 3290 753 3343 refert
787 3308 901 3358 cap.
926 3300 1006 3348 12.
1040 3298 1056 3325 ‘
1082 3298 1353 3351 Inchoavit
1382 3312 1557 3354 autem

487 3369 852 3432 aquaeductum
890 3373 1103 3437 regione
1122 3376 1344 3437 Tiburti,
1363 3386 1417 3428 et
1453 3397 1558 3430 am-

491 3443 842 3505 phitheatrum
870 3448 1028 3511 juxta
1064 3455 1245 3516 septa?
1321 3456 1468 3507 Idem
1503 3458 1557 3506 in

473 3519 677 3575 Claud.
736 3528 816 3574 19.
873 3527 1093 3592 &Opera
1147 3546 1330 3594 magna
1383 3537 1555 3598 potius

492 3609 644 3659 quam
663 3602 969 3664 necessaria,
985 3606 1148 3655 multa
1162 3607 1403 3671 perfecit.
1453 3614 1554 3662 Sed

475 3673 575 3722 ,vel
613 3677 889 3741 proecipua,
926 3695 1073 3745 aquae
1112 3683 1323 3735 ductum
1360 3703 1391 3736 a
1429 3690 1556 3739 Caio

477 3750 820 3806 inchoatum!
909 3759 979 3807 Et
1002 3762 1153 3823 paulo
1177 3773 1328 3825 post.
1365 3767 1555 3817 ‘Clau-

471 3828 589 3878 ,ἀίει
631 3846 776 3896 aqua:
818 3834 1017 3897 gelidos
1056 3845 1112 3886 et
1151 3840 1331 3890 uberes
1370 3842 1558 3908 fontes,

1229 3974 1233 3979 ᾗ
1281 3919 1556 3971 Frontinus

472 3983 665 4034 .1ib.1.
710 3987 776 4037 de
812 3990 1228 4055 aquaeductibus,
1275 3995 1557 4060 ‘Caligula

475 4060 1132 4131 -duosductusinchoavit,
1151 4085 1278 4135 quos
1310 4072 1555 4122 Claudius

491 4143 896 4193 consummavit?
974 4145 1174 4196 Plinius
1211 4161 1432 4200 xxxvu.
1472 4158 1555 4202 15.

494 4214 680 4265 “Vicit
702 4220 1074 4272 antecedentes
1097 4239 1342 4289 aquarum
1365 4228 1553 4279 ductus

494 4289 824 4343 novissimum
845 4293 1159 4361 impendium
1182 4303 1352 4367 operis
1382 4304 1557 4358 incho-

562 4542 624 4602 h

1041 2218 1214 2270 Homo
1254 2222 1411 2273 variae
1451 2225 1554 2275 lec·
1590 2230 1599 2237 '

1184 378 1402 429 1³01·AE
1447 376 1850 431 VAmomJu
1898 380 1980 431 m

1629 526 1704 577 ati
1726 540 1759 577 a
1775 527 1903 579 Caio
1926 527 2154 591 Come,
2183 533 2240 578 et
2261 526 2463 591 peracti
2486 542 2520 577 a
2540 527 2696 578 OEan·

1628 602 1748 655 dio!
1813 606 1894 655 Ex
1916 621 2018 670 quo
2041 605 2197 656 Plinii
2231 606 2345 656 loco
2382 611 2441 655 et
2474 605 2694 671 reliquo-

1628 694 1737 729 rum
1774 682 1947 731 verbis
1987 688 2164 746 potest
2197 683 2441 746 intelligi,
2463 684 2695 733 Catanen

1626 772 1795 820 aquam
1816 758 1919 808 dici
1938 774 2032 823 per
2055 758 2366 824 adjectivum
2388 774 2422 808 a
2440 760 2575 811 Gaio
2604 761 2695 808 de-

1627 834 1861 898 ductum,
1879 851 1993 900 quae
2015 850 2048 885 a
2072 837 2197 886 Caio
2222 837 2460 900 Caligula
2484 837 2693 899 incepta

1628 920 1725 966 est.
1789 915 1976 981 Sicque
1997 918 2211 967 Sueton.
2235 917 2287 965 in
2307 918 2470 980 Vesp.
2488 920 2542 965 2.
2583 917 2695 967 cm·-

1625 1010 1719 1045 ana
1739 1011 1849 1045 nece
1881 996 2046 1046 dixit:
2094 997 2149 1046 id
2171 1004 2268 1058 est,
2286 1010 2388 1060 quo
2411 996 2573 1046 Caius
2594 997 2692 1045 Ca-

1623 1074 1784 1137 ligula
1805 1074 2112 1125 interfectus
2137 1082 2234 1125 est.
2278 1075 2523 1139 Lamus.
2590 1074 2693 1125 Hie

1626 1151 1773 1199 locus
1808 1166 1910 1201 non
1946 1151 2042 1201 nisi
2080 1167 2146 1201 ex
2179 1151 2335 1201 Plinii
2358 1150 2691 1215 ’tuter-premi

1628 1234 1804 1291 potest
1825 1228 1915 1279 hb
1939 1242 2134 1279 xxxvi.
2174 1233 2251 1279 15.
2319 1229 2430 1278 Illis
2458 1230 2694 1281 concinit

1626 1303 1841 1355 Suetou.
1886 1304 2069 1354 Claud.
2111 1309 2191 1354 20.
2240 1304 2379 1369 apud
2431 1319 2585 1370 quem
2630 1305 2690 1354 C.

1629 1380 1803 1429 Caesar
1847 1381 2084 1446 Caligula
2123 1382 2384 1433 inchoavit
2423 1382 2695 1447 aquaeduc-

1629 1463 1739 1506 tum
1761 1458 1971 1522 regione
1989 1459 2212 1521 Tiburti,
2231 1466 2286 1509 et
2309 1474 2424 1508 eum
2447 1459 2689 1511 Claudias

1628 1534 1868 1598 perfecit.
1956 1539 2222 1587 Cornelius
2272 1545 2464 1599 antem,
2520 1545 2579 1588 ut
2627 1538 2691 1588 de

1628 1613 1851 1663 maximo
1873 1615 2106 1664 dicturus
2138 1623 2346 1679 sumptu
2370 1617 2424 1664 in
2448 1616 2690 1665 Caietam

1629 1703 1812 1753 aquam
1833 1690 2083 1754 impenso,
2102 1693 2414 1741 Vitellianas
2451 1692 2691 1741 libidines

1627 1765 1966 1830 inexplebiles
2004 1769 2225 1832 scripsit.
2307 1770 2483 1821 Quare
2521 1769 2691 1818 mirari

1627 1842 1755 1891 satis
1792 1857 1895 1892 nou
1941 1858 2166 1908 possum,
2202 1859 2297 1894 cur
2339 1845 2540 1894 Caiunoe
2574 1846 2691 1895 aaloe

1629 1919 1845 1984 scriptio
1864 1920 2026 1983 magis
2050 1923 2260 1984 placeat
2279 1923 2543 1973 Fert-etto.
2585 1920 2693 1972 Ver-

1627 2001 1756 2046 tran.
1844 1998 2005 2047 Foeda
2044 1999 2346 2062 depravatio
2385 1998 2439 2047 in
2473 1998 2692 2061 vulgatis

1628 2074 1861 2123 omnibns
1884 2075 2195 2138 irrepserat:
2230 2080 2482 2139 etsumptu
2500 2076 2690 2127 Cdaaae

1627 2166 1763 2212 aquoe
1778 2166 1794 2198 .-
1841 2165 1998 2215 super
2019 2167 2083 2201 ea
2105 2152 2260 2202 varioe
2283 2153 2686 2204 emendationes»

1628 2226 1832 2290 Lipsius
1853 2227 2121 2292 aptissime
2142 2230 2209 2279 ad
2225 2244 2426 2278 sensam
2444 2230 2693 2292 restitnit,

1628 2307 1675 2350 et
1708 2309 1895 2367 sumptu
1930 2305 2201 2369 augiaeque.
2279 2305 2573 2355 Palmerius
2610 2318 2691 2354 au·-

1628 2384 1736 2430 tem
1759 2382 1947 2443 verius,
1968 2388 2028 2431 ut
2067 2383 2266 2446 opinor,
2298 2388 2355 2432 et
2388 2382 2455 2431 ad
2492 2383 2690 2432 literam

1631 2458 1874 2521 propius:
1926 2463 1976 2507 et
1992 2465 2181 2523 sumptu
2200 2475 2457 2522 ganeaque.
2526 2461 2690 2513 Quam

1627 2534 1901 2585 lectionem
1927 2535 2161 2599 recipere
2186 2551 2287 2586 non
2308 2536 2564 2601 dubitavi,
2579 2552 2693 2589 cum

1628 2625 1662 2661 a
1699 2612 1835 2662 Flor.
1872 2611 2055 2663 codiee
2094 2627 2197 2662 non
2236 2629 2421 2677 parum
2453 2614 2690 2678 juvetur,

1629 2689 1717 2752 qui
1737 2689 1930 2740 habet:
1979 2694 2028 2740 et
2047 2695 2235 2754 sumpta
2249 2692 2561 2755 gqiuaeaque.
2623 2692 2693 2747 Et

1620 2772 1713 2815 est
1747 2781 1808 2814 ea
1846 2782 1947 2817 vox
1986 2768 2188 2816 auctori
2214 2775 2389 2817 nostro
2412 2766 2692 2817 familiaris.

1628 2842 1767 2891 Anu.
1807 2843 1842 2891 l.
1863 2857 1948 2893 ιιι.
1982 2843 1998 2870 ‘
2019 2843 2214 2893 ventris
2251 2851 2307 2892 et
2346 2857 2525 2908 ganeae
2549 2858 2694 2907 para-

1630 2925 1714 2968 tus
1735 2919 1767 2969 :'
1817 2921 1928 2970 etl.
1953 2934 2027 2971 ιν.
2060 2921 2077 2948 ⁴
2100 2919 2236 2969 inter
2258 2934 2473 2984 ganeam
2506 2934 2568 2969 ac
2591 2926 2696 2969 stu-

1630 2996 1761 3060 pra.'
1813 2998 2041 3047 Pia-hena.
2106 2998 2279 3047 Etiam
2301 2998 2384 3049 hic
2406 3012 2488 3047 me
2510 2997 2694 3048 sollici·

1620 3079 1712 3123 tat
1754 3074 2060 3124 emendandi
2103 3075 2396 3137 cacoethes,
2439 3082 2498 3124 et
2538 3077 2653 3139 lego
2678 3090 2691 3122 ε

1620 3152 1821 3215 Epulas,
1843 3156 1890 3201 et
1911 3158 2123 3215 sumptu.-
2164 3158 2219 3201 ut
2244 3153 2444 3201 Gaianoe
2464 3168 2600 3217 aquoe
2620 3167 2694 3200 sa-

1629 3229 1771 3277 tiare.
1840 3229 2122 3292 Comparat
2144 3228 2268 3280 ecce
2288 3230 2554 3279 Vitellium
2578 3244 2693 3279 cum

1632 3303 1887 3366 Caligula,
1905 3319 2003 3353 nec
2027 3304 2186 3354 audet
2210 3306 2299 3354 ulli
2321 3306 2447 3355 dare
2466 3306 2695 3368 palmam

1630 3381 1865 3431 luxuriae.
1955 3381 2021 3431 Τὸ
2060 3384 2238 3434 satiare
2279 3383 2469 3433 transit
2505 3384 2557 3431 in
2594 3383 2695 3433 vim

1630 3459 1878 3509 nominis:
1913 3462 1928 3488 ‘
1949 3459 2030 3509 Ad
2054 3466 2284 3509 nostrum
2308 3461 2487 3509 vivere
2510 3458 2691 3509 triste!

1629 3535 1804 3585 Plaut.
1840 3535 2090 3585 Bacchid.
2139 3536 2154 3562 ‘
2183 3536 2283 3585 Hic
2319 3537 2492 3585 vereri
2530 3535 2699 3599 perdi-

1629 3612 1744 3662 dit:
1809 3613 1888 3663 Id.
1919 3614 2067 3662 Pers·
2100 3614 2113 3640 ‘
2136 3629 2235 3677 age
2257 3611 2540 3663 circumfer
2569 3614 2696 3662 mul·

1631 3704 1743 3738 sum
1766 3689 1979 3738 bibere!
2044 3688 2252 3740 Suliner.

1697 3767 1872 3816 Novies
1893 3768 2062 3816 millies
2080 3765 2375 3828 sestertium]
2431 3766 2567 3815 Vide
2598 3767 2696 3817 Pe-

1631 3844 1798 3894 cuniae
1818 3844 2027 3893 Veteris
2052 3857 2137 3892 ιιι.
2157 3848 2204 3892 6.
2227 3849 2283 3893 et
2304 3857 2382 3891 tv.
2399 3846 2450 3890 6.
2490 3843 2700 3891 Gronov.

1695 3922 1830 3970 CAP.
1873 3926 1957 3970 96.
2028 3921 2221 3970 Nauius
2261 3919 2695 3983 &aequ-eluduntur

1628 4000 1769 4048 unius
1805 3998 2005 4060 legionis
2038 4013 2143 4046 eum
2173 3995 2470 4058 seditionem]
2543 3996 2696 4044 Volu-

1628 4089 1749 4125 men
1783 4076 2213 4138 regiumquoque
2235 4074 2492 4133 continet,
2524 4071 2697 4121 nullius

1629 4151 2100 4216 into-precabantur.-
2148 4151 2242 4200 sed
2286 4165 2380 4199 nos
2421 4148 2696 4212 castigati-

1630 4243 1763 4290 mus,
1780 4228 1968 4278 mollius
1986 4228 2188 4290 interpr.
2207 4229 2291 4290 &a
2358 4227 2600 4280 Rhenum·
2646 4262 2651 4269 .

1696 4305 1831 4357 Cu.
1852 4309 1936 4356 97.
1991 4304 2299 4367 stantunus
2316 4302 2419 4354 mic
2436 4302 2693 4362 ansanum-
