3009 4942
531 354 717 435 ‘4242

512 524 770 576 ‘exeram
837 520 992 578 Quod
1014 522 1176 589 edidi,
1210 523 1373 589 magis
1410 522 1603 588 placet.

606 680 669 729 In
697 635 933 729 Vitelliam
950 684 1005 729 ιιι
1025 677 1225 751 inistici,
1243 675 1604 743 presumpsere]

513 754 863 821 Προήρσψζον.
902 754 1151 805 Savillius.
1233 753 1490 804 Secundae
1515 769 1606 818 pa-

537 836 672 898 ginae
693 834 848 884 finem
872 834 1107 899 ponimus
1142 833 1196 882 iu
1217 847 1365 894 voce,
1383 831 1569 882 inimici
1584 850 1605 892 ,-

537 913 714 961 tertias
761 925 884 960 vero
920 910 1146 974 initium,
1181 910 1234 959 in
1275 910 1451 971 verbo,
1479 925 1604 973 prae-

534 1000 791 1051 sumpsere,
833 993 894 1035 ut
927 986 1124 1049 optime
1157 987 1361 1036 censuit
1397 987 1605 1036 Merce-

537 1074 640 1114 rus.
708 1063 811 1113 Hic
836 1069 1010 1113 autem
1034 1063 1353 1129 scripsimus,
1373 1064 1425 1113 in
1455 1064 1605 1113 Vitel-

473 1138 476 1141 ’
536 1140 672 1202 Huni,
707 1141 841 1190 Flor.
866 1139 1061 1191 codicis
1102 1140 1447 1191 auctoritate:
1484 1154 1602 1189 nam

535 1218 858 1282 praepesitio,
894 1218 965 1281 in,
998 1233 1029 1267 a
1050 1217 1269 1282 vulgatis
1292 1217 1510 1268 aberat:
1546 1221 1602 1266 et

537 1293 940 1358 transpositione
980 1294 1189 1343 demum
1228 1294 1481 1356 absoluta,
1527 1308 1603 1343 se·

537 1374 712 1436 quitur
733 1378 942 1422 textus:
977 1372 1128 1421 Facta
1160 1371 1382 1421 tribunis.
1449 1369 1526 1421 At
1558 1372 1602 1420 si

536 1449 648 1513 quis
681 1449 961 1513 desideret,
1002 1449 1141 1499 illam
1181 1450 1346 1513 ipsam
1390 1449 1601 1514 pagiua-

531 1540 645 1576 rum
671 1527 1141 1591 transpositionem,
1165 1526 1420 1595 quomo-do
1444 1541 1498 1576 se
1516 1528 1602 1576 ba-

532 1601 675 1663 beat,
710 1603 998 1667 inspicere3
1027 1618 1137 1653 non
1160 1603 1226 1653 ab
1266 1619 1322 1651 re
1347 1604 1604 1665 duximuS,

535 1662 651 1728 eam
673 1680 756 1729 bic
779 1687 902 1729 ante
923 1681 1097 1730 oculos
1122 1681 1307 1730 lectori
1346 1695 1602 1744 propone-

533 1769 625 1804 re:
677 1770 796 1805 nam
851 1758 1112 1819 restitutio
1170 1772 1423 1823 verusque
1474 1757 1602 1807 ordo

507 1832 726 1881 -clarius
766 1832 1059 1898 apparebit.
1136 1834 1332 1898 Incipit
1376 1849 1502 1898 ergo
1546 1836 1601 1884 iu

531 1908 609 1957 his
634 1909 832 1958 verbis:
864 1909 879 1935 ‘
906 1910 1151 1959 Ceterum
1188 1918 1248 1959 ut
1287 1911 1602 1962 transmitte-

507 1994 615 2036 *ret
637 1987 689 2036 iu
713 1987 916 2037 Italiam
952 1988 1180 2051 impune,
1217 1993 1271 2037 et
1291 2003 1355 2038 eo
1378 1990 1491 2038 usui
1528 1989 1602 2039 fo-

534 2071 633 2126 ret,
651 2065 900 2128 scriptum
922 2063 1143 2128 Aponio,
1162 2066 1356 2115 socium
1382 2066 1599 2115 revires-

457 2130 465 2137 ’
507 2149 656 2191 ‘cere
680 2142 939 2192 crederet.
1006 2143 1294 2194 Quaesiium
1326 2143 1446 2192 inde
1481 2158 1596 2207 quse

531 2216 677 2267 sedes
703 2216 736 2279 ;’
772 2234 930 2282 usque
975 2218 1040 2268 ad
1081 2220 1261 2282 verba,
1305 2222 1319 2249 ‘
1346 2221 1413 2269 de
1454 2222 1598 2270 exitu

528 2295 718 2356 securi,
737 2294 1004 2344 Vitellium
1028 2305 1086 2344 ut
1106 2296 1336 2347 inimici!
1404 2297 1600 2346 Postea

530 2371 798 2435 sequitur:
847 2374 862 2400 ‘
889 2379 949 2423 ut
989 2372 1269 2424 innocuum
1308 2374 1598 2425 exercitum

529 2447 806 2498 Moesicum
829 2449 1121 2501 celebrare.
1185 2450 1263 2499 At
1284 2465 1351 2500 ne
1375 2450 1595 2500 inermes

528 2522 865 2586 provinciae?
898 2531 954 2574 et
988 2525 1160 2590 pergit
1182 2526 1248 2575 ad
1272 2540 1361 2589 ea;
1402 2527 1419 2554 ‘
1444 2525 1596 2577 deco-

504 2628 508 2633 «
530 2615 641 2651 rum
666 2616 761 2666 pro
784 2617 942 2653 causa
967 2610 1129 2668 ratuS,
1154 2606 1196 2655 si
1218 2606 1452 2669 placeret
1472 2605 1599 2654 Gal·
1628 2633 1636 2641 ·

527 2675 610 2726 bae
667 2679 1009 2743 principatus-
1096 2683 1164 2731 Et
1204 2696 1596 2746 praesumpsere,

505 2754 676 2808 ·facta
712 2759 931 2809 tribunis
965 2765 1021 2810 et
1042 2762 1461 2827 centurionibus,'
1495 2766 1593 2812 ὅτε.

505 2832 755 2883 ·Pichena.
810 2835 902 2884 Nil
925 2837 1109 2886 mirum
1134 2837 1179 2886 si
1200 2839 1459 2903 posterior
1478 2839 1593 2887 baec

505 2906 719 2958 'vocula
741 2912 843 2960 vim
882 2927 1037 2975 passa
1076 2921 1174 2976 est,
1219 2921 1300 2964 tot
1336 2915 1597 2978 capitibus

529 2982 671 3048 (nam
697 2999 728 3033 a
752 2985 933 3049 quinto
955 2987 1144 3051 incipit
1183 2988 1472 3053 corruptio)
1506 2991 1596 3039 mi-

529 3074 590 3109 ra
645 3063 927 3113 securitate
967 3064 1369 3115 describentium
1414 3068 1594 3119 ordine

526 3137 703 3188 motis.
741 3138 1141 3190 Restituendum
1157 3142 1422 3206 estigitur:
1449 3144 1498 3193 in
1517 3145 1598 3194 Vi·

505 3213 706 3264 'tellium
721 3220 775 3264 ut
790 3208 994 3280 inimici,
1011 3218 1307 3283 rescripsere,
1322 3234 1509 3284 nempe
1529 3222 1596 3270 ad

524 3295 774 3358 epistolas
792 3309 918 3359 quas
943 3296 1154 3346 Caecina
1183 3297 1339 3349 misit.
1405 3298 1595 3348 Similis

525 3367 639 3419 fere
662 3371 806 3421 locus
829 3370 965 3423 infra
985 3372 1130 3424 Hist.
1154 3387 1241 3425 111.
1264 3378 1344 3426 81.
1361 3375 1377 3402 ‘
1405 3374 1592 3424 Obviae

527 3443 677 3496 fuere
709 3453 765 3497 et
786 3448 1296 3513 virgineoeVestales,
1317 3465 1432 3500 cum
1457 3450 1591 3514 epis·

523 3520 645 3569 tolis
683 3521 887 3571 Vitellii
925 3523 990 3572 ad
1036 3523 1320 3575 Antonium
1356 3527 1592 3590 scriptiS,

522 3597 627 3644 ὅτε.
665 3596 904 3661 Virgines
941 3613 1060 3649 cum
1098 3600 1289 3652 honore
1332 3602 1587 3653 dimissae:

523 3669 741 3729 Vitellio
778 3674 1125 3740 rescriptum,'
1162 3678 1259 3727 ὅτε.
1327 3680 1467 3743 Ergo
1508 3679 1592 3730 bic

522 3746 683 3796 etiam
723 3747 895 3798 statim
921 3751 1200 3813 repetitum
1224 3751 1439 3802 verbum
1470 3755 1591 3805 scri-

500 3816 717 3873 'b'endiz
751 3825 767 3852 ‘
791 3825 930 3889 quod
963 3825 1211 3878 submisse
1235 3828 1464 3894 Coecina,
1486 3835 1589 3882 ὅτε.

516 3897 748 3964 ipsorum
783 3901 943 3953 duces
977 3906 1317 3970 contemptim
1357 3908 1590 3971 scripsis-

525 3977 680 4027 sent!
714 3979 1008 4032 Freinshem.

590 4055 837 4118 Tanquam
881 4056 1159 4110 insultantes
1208 4060 1400 4111 Vitellio
1438 4060 1587 4128 scrip-

512 4125 707 4195 sissent]
739 4131 991 4193 Verbum,
1023 4135 1352 4201 scripsissent,
1377 4139 1586 4192 videtur

516 4206 833 4261 mendosum.
900 4211 1091 4277 Itaque
1126 4229 1223 4278 pro
1251 4231 1312 4265 eo
1335 4216 1582 4287 Faernus,

517 4280 867 4353 corripuissent,
887 4289 1189 4354 reponebat.
1228 4291 1444 4349 Ursinus-

1242 374 1460 428 1⁵10?AE
1506 374 1910 426 vAmoRtJu
1958 373 2037 426 m

1743 520 1878 571 Cn.
1902 524 1982 573 lo.
2019 521 2166 571 Etat
2191 519 2599 585 proditio-isira]
2659 519 2744 573 Vi-

1678 599 1866 649 deatur
1908 612 2009 647 vox
2054 597 2267 649 abesse.
2325 598 2741 663 legendumque3

1672 678 1958 742 proditionis
1992 681 2248 741 auctorem,
2283 677 2384 740 vel,
2424 681 2744 740 comper-tum.

1679 754 1780 804 nisi
1801 761 1975 805 tamen
1998 754 2306 819 compendio
2336 752 2454 818 fuit,
2481 759 2527 803 et
2548 758 2615 803 nt
2640 769 2745 817 pro·

1675 831 1913 894 ditiones
1893 849 1969 882 ira
1990 832 2220 882 militnm.-
2255 831 2312 881 id
2331 838 2433 894 est,
2471 837 2529 880 ut
2549 831 2611 881 in
2639 845 2750 895 pro-

1678 908 1895 972 ditione,
1917 909 2062 975 quasi
2083 922 2147 958 ea
2169 914 2324 959 esset.
2369 908 2580 972 Lipsius.

1744 985 2018 1049 Rapinntnr
2038 991 2310 1037 armametn
2326 984 2623 1048 proditionis
2637 1001 2656 1033 .-
2677 983 2748 1033 ira

1676 1063 1883 1113 utilitum
1913 1064 1967 1113 in
2001 1063 2251 1128 Tampium
2290 1063 2578 1112 Flavianum
2616 1064 2747 1111 inca·

1676 1139 1801 1206 buit]
1835 1141 1920 1190 Ita
1957 1140 2166 1205 legebat
2209 1141 2456 1191 Faernus.
2517 1140 2753 1203 Tampia

1676 1231 1803 1267 vero
1839 1216 2035 1267 familia
2057 1233 2125 1268 ex
2161 1217 2383 1268 denariis
2418 1223 2473 1267 et
2509 1218 2750 1282 antiquis

1678 1293 1844 1344 titulis
1863 1303 2004 1344 nota.
2033 1294 2248 1346 Ursinus.
2302 1294 2503 1358 Lipsius
2525 1292 2752 1359 aliquod

1676 1371 1893 1423 verbum
1910 1372 1994 1422 hic
2012 1373 2194 1423 deesse
2217 1377 2386 1438 putat,
2407 1371 2746 1436 suppletque.

1678 1449 1795 1500 Nec
1852 1450 2050 1513 dubito,
2100 1450 2222 1516 quin
2270 1449 2463 1514 optimo
2505 1448 2789 1511 jndicio.⁴

1679 1526 1893 1575 Leviter
1947 1533 2118 1577 tamen
2163 1525 2412 1590 dubitavi,
2465 1540 2599 1575 num
2647 1525 2751 1590 legi

1678 1603 1870 1667 possit3
1903 1610 1952 1653 et
1973 1608 2028 1653 ut
2055 1603 2364 1667 proditorem,
2397 1604 2474 1651 ira
2508 1600 2748 1651 militnm.

1679 1680 1926 1731 Pichena.
1992 1681 2206 1745 Integra
2236 1695 2338 1746 qua
2361 1695 2391 1728 a
2414 1677 2614 1741 verbiS,
2648 1690 2750 1742 qua

1677 1771 1709 1806 a
1751 1755 2043 1808 sententia:
2086 1762 2145 1806 ut
2187 1771 2372 1806 manca
2410 1756 2750 1819 viderentur,

1679 1831 1780 1882 fuit
1795 1833 1848 1884 in
1865 1849 2021 1883 causa
2034 1834 2263 1884 brevitas
2279 1833 2567 1886 aCornelio
2591 1831 2750 1884 affec·

1678 1914 1823 1958 tata:
1863 1924 2041 1959 verum
2064 1923 2159 1959 nec
2180 1910 2281 1960 ista
2303 1910 2435 1960 tanti
2456 1909 2521 1958 sit
2540 1926 2558 1969 ;
2589 1922 2750 1974 quam

1677 1987 1812 2035 enim
1837 1987 1901 2035 ad
1939 2001 2200 2048 nauseam,
2235 1986 2275 2036 si
2303 1987 2376 2036 sic
2415 1986 2669 2050 dixisset,
2701 1991 2749 2036 et

1674 2071 1729 2112 nt
1753 2065 1826 2113 ira
1844 2064 2143 2129 proditionis,
2159 2065 2233 2112 ira
2248 2064 2453 2113 militum
2472 2064 2524 2112 in
2550 2064 2612 2112 T.
2629 2065 2753 2114 Am-

1669 2139 1806 2202 pium
1861 2140 2143 2190 Flavianum
2195 2141 2442 2190 incubuit:
2492 2141 2600 2190 hoc
2647 2148 2749 2204 est,

1676 2217 1877 2266 Milites
1915 2217 1992 2265 ira
2024 2219 2206 2281 (qnam
2228 2225 2407 2266 contra
2438 2218 2747 2281 proditores

1674 2293 1948 2356 concipere
1990 2292 2184 2359 solent)
2238 2294 2478 2344 adversus
2536 2296 2751 2345 Flavia-

1670 2384 1794 2419 num
1817 2368 2122 2421 inflammati
2153 2378 2288 2422 suut.
2352 2368 2425 2420 Iis
2463 2370 2652 2422 affinia
2675 2373 2749 2422 vi·

1672 2443 1864 2495 dentur
1907 2445 2053 2496 haec:
2109 2446 2213 2495 ‘ne
2259 2447 2379 2495 dum
2418 2446 2638 2497 Primus
2685 2463 2751 2498 ac

1672 2523 1889 2585 FuscuS,
1914 2530 1968 2572 et
2004 2522 2264 2586 specimen
2286 2522 2509 2587 partium
2536 2524 2751 2574 Mucia-

1671 2614 1766 2649 nus
1789 2601 1943 2649 ullam
1966 2599 2020 2648 in
2040 2600 2313 2650 Vitellium
2341 2600 2435 2649 nisi
2457 2600 2749 2651 occidendi

1668 2677 1933 2726 licentiam
1970 2676 2235 2726 habeant.'
2299 2676 2383 2727 Au
2422 2679 2636 2728 suavius
2679 2680 2748 2729 ad

1672 2768 1821 2803 autres
1862 2754 2157 2805 accideret:
2216 2757 2358 2807 ullam
2398 2757 2650 2808 licentiam
2696 2760 2748 2808 in

1678 2830 1921 2879 Vitellium
1962 2832 2054 2880 nisi
2090 2833 2328 2882 occidendi
2367 2834 2616 2885 licentiam
2659 2837 2748 2886 Ιιιι-

1669 2905 1848 2958 beant?
1905 2908 1988 2958 Ad
2032 2910 2195 2960 Midae
2234 2910 2469 2960 forsitan.
2539 2914 2748 2964 Eadem

1670 2982 1782 3033 fere
1818 2985 2027 3037 Sallust.
2066 2987 2222 3037 Catil.
2266 2989 2282 3016 ⁴
2308 2988 2747 3040 Fa'ciuorosorum

1669 3062 1863 3112 circum
1885 3078 1941 3113 se
1967 3070 2210 3129 tanquam
2234 3067 2548 3129 stipatorum
2569 3075 2751 3119 cater-

1668 3153 1758 3187 vas
1782 3139 2040 3191 babebat!
2104 3142 2434 3191 Postremum
2478 3157 2582 3193 nou
2619 3159 2748 3194 reor

1668 3216 1765 3266 boc
1822 3232 1983 3281 genus
2031 3218 2415 3283 interpretandi
2470 3220 2750 3273 insolitum

1669 3294 1764 3343 tibi
1796 3294 1960 3344 visum
1994 3297 2048 3345 iu
2083 3296 2159 3346 ira
2192 3296 2493 3361 proditionis,
2532 3297 2586 3347 id
2632 3305 2747 3364 est,

1667 3377 1884 3435 propter
1907 3372 2270 3435 proditionem.
2326 3373 2478 3439 Virg.
2503 3374 2619 3425 AEn.
2645 3390 2746 3427 111.

1666 3448 1682 3475 ‘
1710 3450 1975 3498 Scelerum
2016 3451 2162 3499 furiis
2207 3449 2433 3514 agitatus
2483 3451 2750 3503 Orestes-⁹

1669 3524 1835 3574 Furioe
1862 3527 2085 3576 scelerum
2121 3528 2233 3579 scil.
2270 3543 2387 3592 quae
2412 3528 2555 3578 illum
2580 3545 2745 3595 prop-

1668 3606 1748 3649 ter
1766 3603 1981 3664 seelera,
2015 3618 2202 3669 nempe
2235 3605 2603 3668 matricidium‚
2624 3607 2746 3671 agi-

1664 3677 1868 3729 tabant.
1918 3678 2125 3730 Saliner.
2192 3681 2404 3730 Clarum
2447 3680 2746 3733 desiderari

1666 3771 1848 3807 vocem
1872 3759 2128 3822 aliquam:
2164 3759 2258 3808 sed
2288 3758 2341 3807 id
2377 3759 2505 3809 mihi
2529 3774 2743 3825 qnoque

1663 3834 1878 3896 clarum,
1894 3850 1996 3886 non
2022 3835 2230 3884 aliunde
2261 3835 2606 3903 inserendam,
2634 3839 2744 3889 sed

1661 3910 1745 3960 bic
1762 3912 2011 3962 latentem
2032 3910 2373 3961 educendam.
2432 3915 2605 3979 Lego:
2628 3914 2745 3964 Ra-

1626 3986 1857 4050 piantur
1905 4003 2039 4037 arma
2090 3994 2217 4037 metu
2254 3990 2561 4052 proditionis.
2639 3991 2743 4042 Ira

1658 4065 1865 4116 militam
1900 4066 1953 4115 in
1986 4067 2041 4115 T.
2071 4064 2214 4128 Amp.
2237 4070 2319 4130 ᾇτ’.
2388 4068 2507 4121 Qua
2529 4083 2742 4120 correc-

1662 4141 1806 4191 tione
1845 4141 1971 4193 nihil
2012 4142 2222 4193 certius.
2301 4145 2418 4198 Nec
2459 4146 2735 4196 audiamus

1659 4218 1912 4283 Lipsium,
1933 4224 2189 4283 auctorem,
2209 4228 2515 4289 compertum,
2534 4224 2613 4273 vel
2648 4231 2741 4274 ta-

1657 4295 1708 4345 le
1726 4296 1854 4363 quid
1873 4297 2252 4383 inculcantem.
2275 4300 2545 4387 Muretum
2561 4300 2735 4353 multo
