<?xml version="1.0" encoding="UTF-8"?>
<!DOCTYPE html PUBLIC "-//W3C//DTD XHTML 1.0 Transitional//EN"
    "http://www.w3.org/TR/xhtml1/DTD/xhtml1-transitional.dtd">
<html xmlns="http://www.w3.org/1999/xhtml" xml:lang="en" lang="en">
 <head>
  <title>
</title>
<meta http-equiv="Content-Type" content="text/html;charset=utf-8" />
  <meta name='ocr-system' content='tesseract 3.04.00' />
  <meta name='ocr-capabilities' content='ocr_page ocr_carea ocr_par ocr_line ocrx_word'/>
</head>
<body>
  <div class='ocr_page' id='page_1' title='image "./operaomnia10tacigoog/operaomnia10tacigoog_0055.png"; bbox 0 0 3009 4942; ppageno 0'>
   <div class='ocr_carea' id='block_1_1' title="bbox 857 390 1953 462">
    <p class='ocr_par' dir='ltr' id='par_1_1' title="bbox 857 390 1953 462">
     <span class='ocr_line' id='line_1_1' title="bbox 857 390 1953 462; baseline -0.006 -4"><span class='ocrx_word' id='word_1_1' title='bbox 857 411 1006 462; x_wconf 76' lang='lat' dir='ltr'><strong>mn.</strong></span> <span class='ocrx_word' id='word_1_2' title='bbox 1053 410 1105 459; x_wconf 75' lang='grc' dir='ltr'><strong>ι.</strong></span> <span class='ocrx_word' id='word_1_3' title='bbox 1151 408 1316 457; x_wconf 65' lang='lat' dir='ltr'><strong>cst.</strong></span> <span class='ocrx_word' id='word_1_4' title='bbox 1354 390 1469 458; x_wconf 74' lang='lat'><strong>32.</strong></span> <span class='ocrx_word' id='word_1_5' title='bbox 1514 404 1953 456; x_wconf 64' lang='lat' dir='ltr'><strong>nummum.</strong></span> 
     </span>
    </p>
   </div>
   <div class='ocr_carea' id='block_1_2' title="bbox 248 554 1408 4398">
    <p class='ocr_par' dir='ltr' id='par_1_2' title="bbox 248 554 1397 3477">
     <span class='ocr_line' id='line_1_2' title="bbox 297 554 1370 624; baseline -0.003 -17"><span class='ocrx_word' id='word_1_6' title='bbox 297 558 521 622; x_wconf 52' lang='lat' dir='ltr'><strong>umuli,</strong></span> <span class='ocrx_word' id='word_1_7' title='bbox 543 557 598 609; x_wconf 89' lang='lat' dir='ltr'><strong>iu</strong></span> <span class='ocrx_word' id='word_1_8' title='bbox 618 571 751 624; x_wconf 83' lang='lat' dir='ltr'><strong>quos</strong></span> <span class='ocrx_word' id='word_1_9' title='bbox 770 555 1044 621; x_wconf 75' lang='lat' dir='ltr'><strong>imperium</strong></span> <span class='ocrx_word' id='word_1_10' title='bbox 1073 554 1370 605; x_wconf 81' lang='lat' dir='ltr'><strong>devolvere·</strong></span> 
     </span>
     <span class='ocr_line' id='line_1_3' title="bbox 257 632 1369 705; baseline -0.008 -15"><span class='ocrx_word' id='word_1_11' title='bbox 257 700 262 705; x_wconf 37' lang='lat'>‚</span> <span class='ocrx_word' id='word_1_12' title='bbox 301 632 410 689; x_wconf 60' lang='lat' dir='ltr'><strong>tur.</strong></span> <span class='ocrx_word' id='word_1_13' title='bbox 442 637 458 665; x_wconf 89' lang='lat'>‘</span> <span class='ocrx_word' id='word_1_14' title='bbox 476 637 671 687; x_wconf 77' lang='lat' dir='ltr'><strong>Sextus</strong></span> <span class='ocrx_word' id='word_1_15' title='bbox 692 636 804 685; x_wconf 82' lang='lat' dir='ltr'><strong>dies</strong></span> <span class='ocrx_word' id='word_1_16' title='bbox 825 635 1013 698; x_wconf 84' lang='lat' dir='ltr'><strong>agitur,</strong></span> <span class='ocrx_word' id='word_1_17' title='bbox 1033 649 1099 683; x_wconf 84' lang='lat' dir='ltr'><strong>ex</strong></span> <span class='ocrx_word' id='word_1_18' title='bbox 1130 648 1230 698; x_wconf 88' lang='lat' dir='ltr'><strong>quo</strong></span> <span class='ocrx_word' id='word_1_19' title='bbox 1258 633 1369 683; x_wconf 80' lang='lat' dir='ltr'><strong>Cae-</strong></span> 
     </span>
     <span class='ocr_line' id='line_1_4' title="bbox 300 712 1370 777; baseline -0.006 -12"><span class='ocrx_word' id='word_1_20' title='bbox 300 714 601 765; x_wconf 60' lang='lat' dir='ltr'><strong>mamitus</strong></span> <span class='ocrx_word' id='word_1_21' title='bbox 622 713 764 775; x_wconf 89' lang='lat' dir='ltr'><strong>sum,&#39;</strong></span> <span class='ocrx_word' id='word_1_22' title='bbox 799 712 1030 777; x_wconf 86' lang='lat' dir='ltr'><strong>loquitur</strong></span> <span class='ocrx_word' id='word_1_23' title='bbox 1061 712 1198 774; x_wconf 89' lang='lat' dir='ltr'><strong>Piso,</strong></span> <span class='ocrx_word' id='word_1_24' title='bbox 1219 724 1370 774; x_wconf 88' lang='lat' dir='ltr'><strong>quem</strong></span> 
     </span>
     <span class='ocr_line' id='line_1_5' title="bbox 303 787 1371 855; baseline -0.008 -12"><span class='ocrx_word' id='word_1_25' title='bbox 303 790 649 855; x_wconf 73' lang='lat' dir='ltr'><strong>adoptaverat</strong></span> <span class='ocrx_word' id='word_1_26' title='bbox 672 790 857 840; x_wconf 83' lang='lat' dir='ltr'><strong>Galba.</strong></span> <span class='ocrx_word' id='word_1_27' title='bbox 877 792 892 815; x_wconf 91' lang='lat'>‘</span> <span class='ocrx_word' id='word_1_28' title='bbox 916 789 1174 837; x_wconf 77' lang='lat' dir='ltr'>Debuisse</span> <span class='ocrx_word' id='word_1_29' title='bbox 1198 787 1371 836; x_wconf 80' lang='lat' dir='ltr'><strong>Caesa·</strong></span> 
     </span>
     <span class='ocr_line' id='line_1_6' title="bbox 304 860 1372 930; baseline -0.005 -13"><span class='ocrx_word' id='word_1_30' title='bbox 304 883 419 919; x_wconf 81' lang='lat' dir='ltr'><strong>rem</strong></span> <span class='ocrx_word' id='word_1_31' title='bbox 454 869 510 918; x_wconf 90' lang='lat' dir='ltr'><strong>in</strong></span> <span class='ocrx_word' id='word_1_32' title='bbox 544 870 657 917; x_wconf 85' lang='lat' dir='ltr'><strong>acie</strong></span> <span class='ocrx_word' id='word_1_33' title='bbox 692 866 870 929; x_wconf 88' lang='lat' dir='ltr'><strong>stare,’</strong></span> <span class='ocrx_word' id='word_1_34' title='bbox 905 864 1076 930; x_wconf 81' lang='lat' dir='ltr'><strong>agitur</strong></span> <span class='ocrx_word' id='word_1_35' title='bbox 1103 865 1166 914; x_wconf 88' lang='lat' dir='ltr'><strong>de</strong></span> <span class='ocrx_word' id='word_1_36' title='bbox 1189 860 1372 914; x_wconf 87' lang='lat' dir='ltr'><strong>Domi·</strong></span> 
     </span>
     <span class='ocr_line' id='line_1_7' title="bbox 307 942 1372 1008; baseline -0.005 -13"><span class='ocrx_word' id='word_1_37' title='bbox 307 945 453 999; x_wconf 83' lang='lat' dir='ltr'><strong>tiano</strong></span> <span class='ocrx_word' id='word_1_38' title='bbox 492 945 651 995; x_wconf 88' lang='lat' dir='ltr'><strong>etiam</strong></span> <span class='ocrx_word' id='word_1_39' title='bbox 682 946 804 995; x_wconf 86' lang='lat' dir='ltr'><strong>dum</strong></span> <span class='ocrx_word' id='word_1_40' title='bbox 829 945 943 994; x_wconf 84' lang='lat' dir='ltr'><strong>vivo</strong></span> <span class='ocrx_word' id='word_1_41' title='bbox 967 951 1134 1008; x_wconf 84' lang='lat' dir='ltr'><strong>patre.</strong></span> <span class='ocrx_word' id='word_1_42' title='bbox 1183 943 1199 973; x_wconf 53' lang='grc' dir='ltr'>ί</span> <span class='ocrx_word' id='word_1_43' title='bbox 1224 942 1372 1006; x_wconf 86' lang='lat' dir='ltr'><strong>Ejus-</strong></span> 
     </span>
     <span class='ocr_line' id='line_1_8' title="bbox 307 1018 1373 1086; baseline -0.003 -16"><span class='ocrx_word' id='word_1_44' title='bbox 307 1020 432 1071; x_wconf 84' lang='lat' dir='ltr'><strong>dem</strong></span> <span class='ocrx_word' id='word_1_45' title='bbox 468 1022 592 1071; x_wconf 88' lang='lat' dir='ltr'><strong>anni</strong></span> <span class='ocrx_word' id='word_1_46' title='bbox 650 1022 906 1086; x_wconf 89' lang='lat' dir='ltr'><strong>principio</strong></span> <span class='ocrx_word' id='word_1_47' title='bbox 967 1021 1145 1070; x_wconf 83' lang='lat' dir='ltr'><strong>Coesar</strong></span> <span class='ocrx_word' id='word_1_48' title='bbox 1186 1018 1373 1081; x_wconf 89' lang='lat' dir='ltr'><strong>Titus‚’</strong></span> 
     </span>
     <span class='ocr_line' id='line_1_9' title="bbox 248 1095 1373 1171; baseline -0.003 -24"><span class='ocrx_word' id='word_1_49' title='bbox 248 1159 259 1171; x_wconf 49' lang='lat'>·</span> <span class='ocrx_word' id='word_1_50' title='bbox 306 1097 477 1147; x_wconf 77' lang='lat' dir='ltr'><strong>adbuc</strong></span> <span class='ocrx_word' id='word_1_51' title='bbox 495 1099 782 1162; x_wconf 81' lang='lat' dir='ltr'><strong>imperante</strong></span> <span class='ocrx_word' id='word_1_52' title='bbox 799 1099 1138 1162; x_wconf 76' lang='lat' dir='ltr'><strong>Vespasiano.</strong></span> <span class='ocrx_word' id='word_1_53' title='bbox 1171 1095 1373 1146; x_wconf 86' lang='lat' dir='ltr'><strong>Clarius</strong></span> 
     </span>
     <span class='ocr_line' id='line_1_10' title="bbox 306 1174 1375 1241; baseline -0.002 -17"><span class='ocrx_word' id='word_1_54' title='bbox 306 1175 440 1229; x_wconf 81' lang='lat' dir='ltr'><strong>Dio:</strong></span> <span class='ocrx_word' id='word_1_55' title='bbox 458 1175 760 1241; x_wconf 69' lang='grc' dir='ltr'><strong>αὐτοκράτωρ</strong></span> <span class='ocrx_word' id='word_1_56' title='bbox 773 1174 826 1225; x_wconf 77' lang='grc' dir='ltr'><strong>δὲ</strong></span> <span class='ocrx_word' id='word_1_57' title='bbox 841 1175 918 1224; x_wconf 70' lang='grc' dir='ltr'><strong>ἐπὶ</strong></span> <span class='ocrx_word' id='word_1_58' title='bbox 936 1175 1094 1224; x_wconf 65' lang='lat' dir='ltr'><strong>et-rots</strong></span> <span class='ocrx_word' id='word_1_59' title='bbox 1115 1175 1141 1223; x_wconf 78' lang='grc' dir='ltr'><em>ὁ</em></span> <span class='ocrx_word' id='word_1_60' title='bbox 1159 1174 1375 1223; x_wconf 66' lang='lat' dir='ltr'><strong>obma-</strong></span> 
     </span>
     <span class='ocr_line' id='line_1_11' title="bbox 309 1250 1376 1318; baseline -0.004 -13"><span class='ocrx_word' id='word_1_61' title='bbox 309 1252 490 1318; x_wconf 61' lang='grc' dir='ltr'><strong>(ωδε,</strong></span> <span class='ocrx_word' id='word_1_62' title='bbox 512 1254 590 1303; x_wconf 71' lang='grc' dir='ltr'><strong>καὶ</strong></span> <span class='ocrx_word' id='word_1_63' title='bbox 617 1254 731 1317; x_wconf 71' lang='grc' dir='ltr'><strong>πρὸς</strong></span> <span class='ocrx_word' id='word_1_64' title='bbox 760 1256 847 1312; x_wconf 70' lang='grc' dir='ltr'><strong>τῆς</strong></span> <span class='ocrx_word' id='word_1_65' title='bbox 884 1254 1064 1310; x_wconf 74' lang='grc' dir='ltr'><strong>βουλῆς</strong></span> <span class='ocrx_word' id='word_1_66' title='bbox 1102 1250 1376 1313; x_wconf 68' lang='grc' dir='ltr'><strong>ἐπεδείχθη,</strong></span> 
     </span>
     <span class='ocr_line' id='line_1_12' title="bbox 307 1328 1377 1395; baseline -0.004 -14"><span class='ocrx_word' id='word_1_67' title='bbox 307 1331 390 1381; x_wconf 69' lang='lat' dir='ltr'><strong>usal</strong></span> <span class='ocrx_word' id='word_1_68' title='bbox 416 1329 649 1395; x_wconf 73' lang='grc' dir='ltr'><strong>Καίσαρες</strong></span> <span class='ocrx_word' id='word_1_69' title='bbox 669 1330 756 1393; x_wconf 61' lang='grc' dir='ltr'><strong>ὅτε</strong></span> <span class='ocrx_word' id='word_1_70' title='bbox 780 1329 918 1380; x_wconf 74' lang='grc' dir='ltr'><strong>Τίτος</strong></span> <span class='ocrx_word' id='word_1_71' title='bbox 941 1330 1019 1380; x_wconf 72' lang='grc' dir='ltr'><strong>καὶ</strong></span> <span class='ocrx_word' id='word_1_72' title='bbox 1040 1331 1068 1377; x_wconf 78' lang='grc' dir='ltr'><strong><em>ὁ</em></strong></span> <span class='ocrx_word' id='word_1_73' title='bbox 1098 1328 1377 1390; x_wconf 55' lang='lat' dir='ltr'><strong>Aminnias·</strong></span> 
     </span>
     <span class='ocr_line' id='line_1_13' title="bbox 309 1408 1376 1474; baseline -0.003 -15"><span class='ocrx_word' id='word_1_74' title='bbox 309 1409 669 1474; x_wconf 54' lang='grc' dir='ltr'><strong>ἐήεδείχθησαν.</strong></span> <span class='ocrx_word' id='word_1_75' title='bbox 712 1412 830 1463; x_wconf 81' lang='lat' dir='ltr'><strong>Qua</strong></span> <span class='ocrx_word' id='word_1_76' title='bbox 845 1409 913 1460; x_wconf 86' lang='lat' dir='ltr'><strong>de</strong></span> <span class='ocrx_word' id='word_1_77' title='bbox 932 1424 988 1459; x_wconf 87' lang='lat' dir='ltr'><strong>re</strong></span> <span class='ocrx_word' id='word_1_78' title='bbox 1010 1410 1171 1474; x_wconf 85' lang='lat' dir='ltr'><strong>igitur</strong></span> <span class='ocrx_word' id='word_1_79' title='bbox 1187 1408 1376 1457; x_wconf 85' lang='lat' dir='ltr'><strong>milites</strong></span> 
     </span>
     <span class='ocr_line' id='line_1_14' title="bbox 309 1484 1378 1551; baseline -0.005 -13"><span class='ocrx_word' id='word_1_80' title='bbox 309 1488 389 1538; x_wconf 79' lang='lat' dir='ltr'><strong>sie</strong></span> <span class='ocrx_word' id='word_1_81' title='bbox 425 1487 715 1551; x_wconf 69' lang='grc' dir='ltr'><strong>ἂλαζονικῶς</strong></span> <span class='ocrx_word' id='word_1_82' title='bbox 755 1486 1079 1551; x_wconf 78' lang='lat' dir='ltr'><strong>gloriantur?</strong></span> <span class='ocrx_word' id='word_1_83' title='bbox 1125 1484 1262 1548; x_wconf 87' lang='lat' dir='ltr'><strong>quod</strong></span> <span class='ocrx_word' id='word_1_84' title='bbox 1293 1484 1378 1533; x_wconf 85' lang='lat' dir='ltr'><strong>&#39;ri-</strong></span> 
     </span>
     <span class='ocr_line' id='line_1_15' title="bbox 309 1560 1377 1628; baseline -0.004 -14"><span class='ocrx_word' id='word_1_85' title='bbox 309 1562 487 1614; x_wconf 80' lang='lat' dir='ltr'><strong>berius</strong></span> <span class='ocrx_word' id='word_1_86' title='bbox 522 1565 837 1628; x_wconf 72' lang='lat' dir='ltr'><strong>Imperator,</strong></span> <span class='ocrx_word' id='word_1_87' title='bbox 876 1562 929 1613; x_wconf 84' lang='lat' dir='ltr'><strong>id</strong></span> <span class='ocrx_word' id='word_1_88' title='bbox 967 1569 1062 1625; x_wconf 85' lang='lat' dir='ltr'><strong>est,</strong></span> <span class='ocrx_word' id='word_1_89' title='bbox 1095 1576 1263 1612; x_wconf 86' lang='lat' dir='ltr'><strong>rerum</strong></span> <span class='ocrx_word' id='word_1_90' title='bbox 1286 1560 1377 1610; x_wconf 86' lang='lat' dir='ltr'><strong>do-</strong></span> 
     </span>
     <span class='ocr_line' id='line_1_16' title="bbox 307 1638 1379 1703; baseline -0.004 -12"><span class='ocrx_word' id='word_1_91' title='bbox 307 1641 499 1703; x_wconf 80' lang='lat' dir='ltr'><strong>minus,</strong></span> <span class='ocrx_word' id='word_1_92' title='bbox 522 1646 605 1690; x_wconf 90' lang='lat' dir='ltr'><strong>tot</strong></span> <span class='ocrx_word' id='word_1_93' title='bbox 644 1640 973 1689; x_wconf 82' lang='lat' dir='ltr'><strong>victoriarum</strong></span> <span class='ocrx_word' id='word_1_94' title='bbox 1013 1638 1258 1688; x_wconf 84' lang='lat' dir='ltr'><strong>adversus</strong></span> <span class='ocrx_word' id='word_1_95' title='bbox 1297 1642 1379 1687; x_wconf 89' lang='lat' dir='ltr'><strong>tot</strong></span> 
     </span>
     <span class='ocr_line' id='line_1_17' title="bbox 309 1715 1381 1780; baseline -0.004 -12"><span class='ocrx_word' id='word_1_96' title='bbox 309 1723 499 1779; x_wconf 76' lang='lat' dir='ltr'><strong>gentes</strong></span> <span class='ocrx_word' id='word_1_97' title='bbox 520 1731 745 1780; x_wconf 80' lang='lat' dir='ltr'><strong>campos,</strong></span> <span class='ocrx_word' id='word_1_98' title='bbox 759 1731 1047 1780; x_wconf 73' lang='lat' dir='ltr'><strong>cognomen</strong></span> <span class='ocrx_word' id='word_1_99' title='bbox 1066 1715 1381 1779; x_wconf 75' lang='lat' dir='ltr'><strong>Germanici,</strong></span> 
     </span>
     <span class='ocr_line' id='line_1_18' title="bbox 309 1791 1379 1856; baseline -0.002 -14"><span class='ocrx_word' id='word_1_100' title='bbox 309 1799 372 1844; x_wconf 81' lang='lat' dir='ltr'><strong>ut</strong></span> <span class='ocrx_word' id='word_1_101' title='bbox 388 1793 557 1843; x_wconf 80' lang='lat' dir='ltr'><strong>solum</strong></span> <span class='ocrx_word' id='word_1_102' title='bbox 576 1793 867 1856; x_wconf 85' lang='lat' dir='ltr'><strong>gloriosum,</strong></span> <span class='ocrx_word' id='word_1_103' title='bbox 883 1792 982 1842; x_wconf 89' lang='lat' dir='ltr'><strong>sibi</strong></span> <span class='ocrx_word' id='word_1_104' title='bbox 1005 1791 1175 1842; x_wconf 89' lang='lat' dir='ltr'><strong>sumit.</strong></span> <span class='ocrx_word' id='word_1_105' title='bbox 1208 1792 1379 1841; x_wconf 67' lang='lat' dir='ltr'><strong>Crete·</strong></span> 
     </span>
     <span class='ocr_line' id='line_1_19' title="bbox 313 1867 1380 1932; baseline -0.001 -15"><span class='ocrx_word' id='word_1_106' title='bbox 313 1876 427 1919; x_wconf 81' lang='lat' dir='ltr'><strong>rma</strong></span> <span class='ocrx_word' id='word_1_107' title='bbox 447 1871 768 1927; x_wconf 71' lang='grc' dir='ltr'><strong>πληθυντικῶς</strong></span> <span class='ocrx_word' id='word_1_108' title='bbox 784 1869 1106 1932; x_wconf 68' lang='lat' dir='ltr'><strong>imperatores,</strong></span> <span class='ocrx_word' id='word_1_109' title='bbox 1126 1873 1187 1916; x_wconf 90' lang='lat' dir='ltr'><strong>ut</strong></span> <span class='ocrx_word' id='word_1_110' title='bbox 1205 1867 1380 1916; x_wconf 78' lang='lat' dir='ltr'><strong>Lollia-</strong></span> 
     </span>
     <span class='ocr_line' id='line_1_20' title="bbox 313 1943 1382 2010; baseline -0.005 -12"><span class='ocrx_word' id='word_1_111' title='bbox 313 1961 401 1999; x_wconf 70' lang='lat' dir='ltr'><strong>m</strong></span> <span class='ocrx_word' id='word_1_112' title='bbox 427 1946 749 2010; x_wconf 65' lang='lat' dir='ltr'><strong>Varianasque</strong></span> <span class='ocrx_word' id='word_1_113' title='bbox 779 1947 954 2005; x_wconf 80' lang='lat' dir='ltr'><strong>clades,</strong></span> <span class='ocrx_word' id='word_1_114' title='bbox 985 1943 1255 2004; x_wconf 67' lang='lat' dir='ltr'><strong>interfectos</strong></span> <span class='ocrx_word' id='word_1_115' title='bbox 1288 1944 1382 1993; x_wconf 81' lang='lat' dir='ltr'><strong>Ro-</strong></span> 
     </span>
     <span class='ocr_line' id='line_1_21' title="bbox 308 2020 1384 2083; baseline -0.004 -11"><span class='ocrx_word' id='word_1_116' title='bbox 308 2036 408 2071; x_wconf 76' lang='lat' dir='ltr'><strong>-mae</strong></span> <span class='ocrx_word' id='word_1_117' title='bbox 445 2021 697 2082; x_wconf 66' lang='lat' dir='ltr'><strong>Vonones,</strong></span> <span class='ocrx_word' id='word_1_118' title='bbox 741 2021 996 2083; x_wconf 73' lang='lat' dir='ltr'><strong>Egnatius,</strong></span> <span class='ocrx_word' id='word_1_119' title='bbox 1030 2020 1188 2078; x_wconf 76' lang='lat' dir='ltr'><strong>Iulos,-</strong></span> <span class='ocrx_word' id='word_1_120' title='bbox 1226 2026 1283 2069; x_wconf 86' lang='lat' dir='ltr'><strong>et</strong></span> <span class='ocrx_word' id='word_1_121' title='bbox 1323 2025 1384 2068; x_wconf 90' lang='lat' dir='ltr'><strong>ut</strong></span> 
     </span>
     <span class='ocr_line' id='line_1_22' title="bbox 313 2094 1383 2158; baseline -0.002 -12"><span class='ocrx_word' id='word_1_122' title='bbox 313 2099 333 2124; x_wconf 85' lang='lat'>‘</span> <span class='ocrx_word' id='word_1_123' title='bbox 354 2095 754 2147; x_wconf 87' lang='lat' dir='ltr'><strong>Annumerabor</strong></span> <span class='ocrx_word' id='word_1_124' title='bbox 788 2096 1055 2158; x_wconf 77' lang='lat' dir='ltr'><strong>Numisiis,</strong></span> <span class='ocrx_word' id='word_1_125' title='bbox 1095 2101 1153 2145; x_wconf 93' lang='lat' dir='ltr'><strong>et</strong></span> <span class='ocrx_word' id='word_1_126' title='bbox 1180 2094 1383 2145; x_wconf 86' lang='lat' dir='ltr'><strong>Heren-</strong></span> 
     </span>
     <span class='ocr_line' id='line_1_23' title="bbox 316 2171 1384 2238; baseline -0.003 -15"><span class='ocrx_word' id='word_1_127' title='bbox 316 2173 434 2237; x_wconf 88' lang='lat' dir='ltr'><strong>niis,</strong></span> <span class='ocrx_word' id='word_1_128' title='bbox 453 2179 518 2223; x_wconf 90' lang='lat' dir='ltr'><strong>ut</strong></span> <span class='ocrx_word' id='word_1_129' title='bbox 541 2188 721 2223; x_wconf 88' lang='lat' dir='ltr'><strong>omnes</strong></span> <span class='ocrx_word' id='word_1_130' title='bbox 762 2173 920 2238; x_wconf 82' lang='lat' dir='ltr'><strong>legati</strong></span> <span class='ocrx_word' id='word_1_131' title='bbox 955 2173 1118 2223; x_wconf 86' lang='lat' dir='ltr'><strong>vestri</strong></span> <span class='ocrx_word' id='word_1_132' title='bbox 1139 2178 1233 2222; x_wconf 86' lang='lat' dir='ltr'><strong>aut</strong></span> <span class='ocrx_word' id='word_1_133' title='bbox 1252 2171 1384 2221; x_wconf 90' lang='lat' dir='ltr'><strong>mili·</strong></span> 
     </span>
     <span class='ocr_line' id='line_1_24' title="bbox 319 2246 1385 2311; baseline -0.001 -12"><span class='ocrx_word' id='word_1_134' title='bbox 319 2258 429 2310; x_wconf 80' lang='lat' dir='ltr'><strong>tum</strong></span> <span class='ocrx_word' id='word_1_135' title='bbox 447 2251 705 2311; x_wconf 83' lang='lat' dir='ltr'><strong>manibus,</strong></span> <span class='ocrx_word' id='word_1_136' title='bbox 717 2256 807 2300; x_wconf 90' lang='lat' dir='ltr'><strong>aut</strong></span> <span class='ocrx_word' id='word_1_137' title='bbox 822 2250 1045 2300; x_wconf 86' lang='lat' dir='ltr'><strong>hostium</strong></span> <span class='ocrx_word' id='word_1_138' title='bbox 1059 2246 1385 2300; x_wconf 86' lang='lat' dir='ltr'><strong>ceciderint.&#39;</strong></span> 
     </span>
     <span class='ocr_line' id='line_1_25' title="bbox 319 2325 1386 2390; baseline -0.002 -13"><span class='ocrx_word' id='word_1_139' title='bbox 319 2326 601 2379; x_wconf 53' lang='lat' dir='ltr'><strong>Sanam.</strong></span> <span class='ocrx_word' id='word_1_140' title='bbox 657 2328 969 2390; x_wconf 68' lang='lat' dir='ltr'><strong>Imperatores</strong></span> <span class='ocrx_word' id='word_1_141' title='bbox 1002 2340 1104 2376; x_wconf 89' lang='lat' dir='ltr'><strong>uon</strong></span> <span class='ocrx_word' id='word_1_142' title='bbox 1135 2325 1219 2375; x_wconf 86' lang='lat' dir='ltr'><strong>hic</strong></span> <span class='ocrx_word' id='word_1_143' title='bbox 1252 2326 1386 2376; x_wconf 89' lang='lat' dir='ltr'><strong>acci-</strong></span> 
     </span>
     <span class='ocr_line' id='line_1_26' title="bbox 317 2403 1385 2469; baseline -0.002 -15"><span class='ocrx_word' id='word_1_144' title='bbox 317 2405 456 2468; x_wconf 85' lang='lat' dir='ltr'><strong>piam</strong></span> <span class='ocrx_word' id='word_1_145' title='bbox 490 2405 632 2469; x_wconf 89' lang='lat' dir='ltr'><strong>ipsos</strong></span> <span class='ocrx_word' id='word_1_146' title='bbox 653 2404 948 2469; x_wconf 73' lang='lat' dir='ltr'><strong>Principes,</strong></span> <span class='ocrx_word' id='word_1_147' title='bbox 970 2404 1061 2454; x_wconf 82' lang='lat' dir='ltr'><strong>sed</strong></span> <span class='ocrx_word' id='word_1_148' title='bbox 1085 2404 1173 2468; x_wconf 88' lang='lat' dir='ltr'><strong>qui</strong></span> <span class='ocrx_word' id='word_1_149' title='bbox 1198 2403 1385 2467; x_wconf 88' lang='lat' dir='ltr'><strong>princi·</strong></span> 
     </span>
     <span class='ocr_line' id='line_1_27' title="bbox 319 2481 1386 2547; baseline -0.002 -16"><span class='ocrx_word' id='word_1_150' title='bbox 319 2482 472 2547; x_wconf 76' lang='lat' dir='ltr'><strong>pibus</strong></span> <span class='ocrx_word' id='word_1_151' title='bbox 496 2481 737 2547; x_wconf 78' lang='lat' dir='ltr'><strong>proximi,</strong></span> <span class='ocrx_word' id='word_1_152' title='bbox 758 2494 1038 2546; x_wconf 85' lang='lat' dir='ltr'><strong>eorumque</strong></span> <span class='ocrx_word' id='word_1_153' title='bbox 1073 2496 1102 2533; x_wconf 88' lang='lat' dir='ltr'><strong>e</strong></span> <span class='ocrx_word' id='word_1_154' title='bbox 1131 2481 1386 2545; x_wconf 86' lang='lat' dir='ltr'><strong>sanguine</strong></span> 
     </span>
     <span class='ocr_line' id='line_1_28' title="bbox 319 2557 1389 2622; baseline -0.001 -14"><span class='ocrx_word' id='word_1_155' title='bbox 319 2557 531 2610; x_wconf 85' lang='lat' dir='ltr'><strong>honoris</strong></span> <span class='ocrx_word' id='word_1_156' title='bbox 573 2573 731 2609; x_wconf 82' lang='lat' dir='ltr'><strong>causa</strong></span> <span class='ocrx_word' id='word_1_157' title='bbox 772 2559 1108 2622; x_wconf 71' lang='lat' dir='ltr'><strong>Imperatores,</strong></span> <span class='ocrx_word' id='word_1_158' title='bbox 1146 2557 1245 2607; x_wconf 82' lang='lat' dir='ltr'><strong>boc</strong></span> <span class='ocrx_word' id='word_1_159' title='bbox 1289 2562 1389 2621; x_wconf 88' lang='lat' dir='ltr'><strong>est,</strong></span> 
     </span>
     <span class='ocr_line' id='line_1_29' title="bbox 320 2633 1388 2698; baseline -0.006 -11"><span class='ocrx_word' id='word_1_160' title='bbox 320 2636 506 2687; x_wconf 58' lang='lat' dir='ltr'><strong>autumi</strong></span> <span class='ocrx_word' id='word_1_161' title='bbox 527 2636 849 2686; x_wconf 80' lang='lat' dir='ltr'><strong>exercituum</strong></span> <span class='ocrx_word' id='word_1_162' title='bbox 873 2636 1030 2686; x_wconf 84' lang='lat' dir='ltr'><strong>duces</strong></span> <span class='ocrx_word' id='word_1_163' title='bbox 1052 2633 1388 2698; x_wconf 85' lang='lat' dir='ltr'><strong>‘appellaban-</strong></span> 
     </span>
     <span class='ocr_line' id='line_1_30' title="bbox 325 2711 1390 2777; baseline -0.003 -16"><span class='ocrx_word' id='word_1_164' title='bbox 325 2719 430 2776; x_wconf 86' lang='lat' dir='ltr'><strong>tur,</strong></span> <span class='ocrx_word' id='word_1_165' title='bbox 451 2719 514 2762; x_wconf 92' lang='lat' dir='ltr'><strong>ut</strong></span> <span class='ocrx_word' id='word_1_166' title='bbox 533 2715 737 2763; x_wconf 82' lang='lat' dir='ltr'><strong>Drusus</strong></span> <span class='ocrx_word' id='word_1_167' title='bbox 759 2713 899 2777; x_wconf 90' lang='lat' dir='ltr'><strong>olim,</strong></span> <span class='ocrx_word' id='word_1_168' title='bbox 919 2719 978 2762; x_wconf 88' lang='lat' dir='ltr'><strong>nt</strong></span> <span class='ocrx_word' id='word_1_169' title='bbox 1014 2725 1149 2761; x_wconf 90' lang='lat' dir='ltr'><strong>nuuc</strong></span> <span class='ocrx_word' id='word_1_170' title='bbox 1174 2711 1390 2762; x_wconf 86' lang='lat' dir='ltr'><strong>Germa-</strong></span> 
     </span>
     <span class='ocr_line' id='line_1_31' title="bbox 325 2788 1392 2854; baseline -0.002 -16"><span class='ocrx_word' id='word_1_171' title='bbox 325 2789 595 2854; x_wconf 85' lang='lat' dir='ltr'><strong>nicus,qui</strong></span> <span class='ocrx_word' id='word_1_172' title='bbox 623 2796 679 2839; x_wconf 88' lang='lat' dir='ltr'><strong>et</strong></span> <span class='ocrx_word' id='word_1_173' title='bbox 710 2791 979 2854; x_wconf 76' lang='lat' dir='ltr'><strong>Imperator</strong></span> <span class='ocrx_word' id='word_1_174' title='bbox 1000 2789 1297 2853; x_wconf 88' lang='lat' dir='ltr'><strong>appellatur</strong></span> <span class='ocrx_word' id='word_1_175' title='bbox 1317 2788 1392 2837; x_wconf 88' lang='lat' dir='ltr'><strong>iu-</strong></span> 
     </span>
     <span class='ocr_line' id='line_1_32' title="bbox 326 2863 1391 2928; baseline -0.005 -13"><span class='ocrx_word' id='word_1_176' title='bbox 326 2863 408 2916; x_wconf 78' lang='lat' dir='ltr'><strong>fra</strong></span> <span class='ocrx_word' id='word_1_177' title='bbox 430 2880 475 2916; x_wconf 83' lang='grc' dir='ltr'><strong>ι.</strong></span> <span class='ocrx_word' id='word_1_178' title='bbox 498 2871 583 2916; x_wconf 73' lang='lat'><strong>37.</strong></span> <span class='ocrx_word' id='word_1_179' title='bbox 603 2874 660 2917; x_wconf 91' lang='lat' dir='ltr'><strong>et</strong></span> <span class='ocrx_word' id='word_1_180' title='bbox 681 2871 765 2917; x_wconf 81' lang='lat'><strong>41.</strong></span> <span class='ocrx_word' id='word_1_181' title='bbox 792 2873 851 2917; x_wconf 90' lang='lat' dir='ltr'><strong>et</strong></span> <span class='ocrx_word' id='word_1_182' title='bbox 879 2871 962 2917; x_wconf 78' lang='lat'><strong>44.</strong></span> <span class='ocrx_word' id='word_1_183' title='bbox 1003 2873 1060 2916; x_wconf 92' lang='lat' dir='ltr'><strong>et</strong></span> <span class='ocrx_word' id='word_1_184' title='bbox 1089 2865 1155 2915; x_wconf 85' lang='lat' dir='ltr'><strong>ab</strong></span> <span class='ocrx_word' id='word_1_185' title='bbox 1177 2865 1288 2928; x_wconf 89' lang='lat' dir='ltr'><strong>ipso</strong></span> <span class='ocrx_word' id='word_1_186' title='bbox 1307 2865 1391 2914; x_wconf 86' lang='lat' dir='ltr'><strong>Ti.</strong></span> 
     </span>
     <span class='ocr_line' id='line_1_33' title="bbox 326 2938 1393 3005; baseline -0.004 -14"><span class='ocrx_word' id='word_1_187' title='bbox 326 2941 476 2992; x_wconf 88' lang='lat' dir='ltr'><strong>berio</strong></span> <span class='ocrx_word' id='word_1_188' title='bbox 512 2956 553 2993; x_wconf 89' lang='lat'><strong>1.</strong></span> <span class='ocrx_word' id='word_1_189' title='bbox 579 2947 664 2991; x_wconf 30' lang='lat'><strong>⁴62.</strong></span> <span class='ocrx_word' id='word_1_190' title='bbox 716 2943 868 3003; x_wconf 85' lang='lat' dir='ltr'><strong>Tales</strong></span> <span class='ocrx_word' id='word_1_191' title='bbox 905 2943 1260 3005; x_wconf 79' lang='lat' dir='ltr'><strong>Imperatores</strong></span> <span class='ocrx_word' id='word_1_192' title='bbox 1295 2938 1393 2990; x_wconf 87' lang='lat' dir='ltr'><strong>sub</strong></span> 
     </span>
     <span class='ocr_line' id='line_1_34' title="bbox 330 3019 1394 3088; baseline -0.001 -17"><span class='ocrx_word' id='word_1_193' title='bbox 330 3019 568 3088; x_wconf 85' lang='lat' dir='ltr'><strong>Augusto</strong></span> <span class='ocrx_word' id='word_1_194' title='bbox 603 3020 832 3086; x_wconf 86' lang='lat' dir='ltr'><strong>fuerunt,</strong></span> <span class='ocrx_word' id='word_1_195' title='bbox 858 3022 926 3071; x_wconf 85' lang='lat' dir='ltr'><strong>de</strong></span> <span class='ocrx_word' id='word_1_196' title='bbox 965 3021 1147 3086; x_wconf 86' lang='lat' dir='ltr'><strong>quibus</strong></span> <span class='ocrx_word' id='word_1_197' title='bbox 1184 3021 1394 3084; x_wconf 89' lang='lat' dir='ltr'><strong>mentio,</strong></span> 
     </span>
     <span class='ocr_line' id='line_1_35' title="bbox 327 3099 1393 3150; baseline 0.001 -3"><span class='ocrx_word' id='word_1_198' title='bbox 327 3111 368 3147; x_wconf 87' lang='lat'><strong>1.</strong></span> <span class='ocrx_word' id='word_1_199' title='bbox 406 3103 458 3149; x_wconf 78' lang='grc'><strong>3.</strong></span> <span class='ocrx_word' id='word_1_200' title='bbox 505 3099 520 3127; x_wconf 91' lang='lat'>‘</span> <span class='ocrx_word' id='word_1_201' title='bbox 541 3099 802 3149; x_wconf 79' lang='lat' dir='ltr'><strong>Tiberium</strong></span> <span class='ocrx_word' id='word_1_202' title='bbox 842 3101 1111 3150; x_wconf 80' lang='lat' dir='ltr'><strong>Neronem</strong></span> <span class='ocrx_word' id='word_1_203' title='bbox 1148 3106 1203 3149; x_wconf 86' lang='lat' dir='ltr'><strong>et</strong></span> <span class='ocrx_word' id='word_1_204' title='bbox 1244 3100 1393 3149; x_wconf 87' lang='lat' dir='ltr'><strong>Clau-</strong></span> 
     </span>
     <span class='ocr_line' id='line_1_36' title="bbox 329 3175 1395 3243; baseline 0 -17"><span class='ocrx_word' id='word_1_205' title='bbox 329 3175 471 3226; x_wconf 81' lang='lat' dir='ltr'><strong>dium</strong></span> <span class='ocrx_word' id='word_1_206' title='bbox 491 3178 724 3226; x_wconf 84' lang='lat' dir='ltr'><strong>Drusum</strong></span> <span class='ocrx_word' id='word_1_207' title='bbox 747 3177 1012 3243; x_wconf 83' lang='lat' dir='ltr'><strong>privignos</strong></span> <span class='ocrx_word' id='word_1_208' title='bbox 1047 3177 1395 3240; x_wconf 80' lang='lat' dir='ltr'><strong>imperatoriis</strong></span> 
     </span>
     <span class='ocr_line' id='line_1_37' title="bbox 329 3253 1396 3308; baseline 0.002 -6"><span class='ocrx_word' id='word_1_209' title='bbox 329 3253 622 3303; x_wconf 80' lang='lat' dir='ltr'><strong>nominibus</strong></span> <span class='ocrx_word' id='word_1_210' title='bbox 675 3255 853 3306; x_wconf 66' lang='lat' dir='ltr'><strong>aruit!</strong></span> <span class='ocrx_word' id='word_1_211' title='bbox 932 3256 1100 3308; x_wconf 81' lang='lat' dir='ltr'><strong>Quem</strong></span> <span class='ocrx_word' id='word_1_212' title='bbox 1149 3255 1396 3304; x_wconf 86' lang='lat' dir='ltr'><strong>honorem</strong></span> 
     </span>
     <span class='ocr_line' id='line_1_38' title="bbox 328 3331 1397 3396; baseline 0.001 -16"><span class='ocrx_word' id='word_1_213' title='bbox 328 3331 575 3381; x_wconf 80' lang='lat' dir='ltr'><strong>Tiberius</strong></span> <span class='ocrx_word' id='word_1_214' title='bbox 617 3333 788 3382; x_wconf 81' lang='lat' dir='ltr'><strong>Blaeso</strong></span> <span class='ocrx_word' id='word_1_215' title='bbox 832 3339 1147 3396; x_wconf 85' lang='lat' dir='ltr'><strong>postremum</strong></span> <span class='ocrx_word' id='word_1_216' title='bbox 1180 3331 1397 3381; x_wconf 81' lang='lat' dir='ltr'><strong>tribuit:</strong></span> 
     </span>
     <span class='ocr_line' id='line_1_39' title="bbox 331 3409 1126 3477; baseline 0.004 -22"><span class='ocrx_word' id='word_1_217' title='bbox 331 3413 512 3477; x_wconf 80' lang='lat' dir='ltr'><strong>noster</strong></span> <span class='ocrx_word' id='word_1_218' title='bbox 532 3421 623 3458; x_wconf 84' lang='lat'><strong>111.</strong></span> <span class='ocrx_word' id='word_1_219' title='bbox 639 3412 723 3458; x_wconf 72' lang='grc'><strong>47.</strong></span> <span class='ocrx_word' id='word_1_220' title='bbox 757 3409 1126 3459; x_wconf 64' lang='lat' dir='ltr'><strong>Freinshemius.</strong></span> 
     </span>
    </p>

    <p class='ocr_par' dir='ltr' id='par_1_3' title="bbox 332 3485 1399 3707">
     <span class='ocr_line' id='line_1_40' title="bbox 387 3485 1399 3535; baseline 0 -1"><span class='ocrx_word' id='word_1_221' title='bbox 387 3485 525 3534; x_wconf 70' lang='lat' dir='ltr'><strong>Cu».</strong></span> <span class='ocrx_word' id='word_1_222' title='bbox 543 3489 627 3535; x_wconf 72' lang='lat'><strong>82.</strong></span> <span class='ocrx_word' id='word_1_223' title='bbox 657 3486 882 3534; x_wconf 70' lang='lat' dir='ltr'><strong>vecordia</strong></span> <span class='ocrx_word' id='word_1_224' title='bbox 892 3486 1205 3535; x_wconf 73' lang='lat' dir='ltr'><strong>constantiam</strong></span> <span class='ocrx_word' id='word_1_225' title='bbox 1218 3498 1399 3534; x_wconf 72' lang='lat' dir='ltr'><strong>exeme-</strong></span> 
     </span>
     <span class='ocr_line' id='line_1_41' title="bbox 332 3561 1399 3624; baseline -0.001 -13"><span class='ocrx_word' id='word_1_226' title='bbox 332 3561 437 3624; x_wconf 69' lang='lat' dir='ltr'><strong>rat]</strong></span> <span class='ocrx_word' id='word_1_227' title='bbox 474 3563 716 3612; x_wconf 77' lang='lat' dir='ltr'><strong>Muretus</strong></span> <span class='ocrx_word' id='word_1_228' title='bbox 729 3568 944 3614; x_wconf 73' lang='lat' dir='ltr'><strong>exuerat.</strong></span> <span class='ocrx_word' id='word_1_229' title='bbox 989 3562 1114 3613; x_wconf 87' lang='lat' dir='ltr'><strong>Nou</strong></span> <span class='ocrx_word' id='word_1_230' title='bbox 1129 3561 1399 3612; x_wconf 85' lang='lat' dir='ltr'><strong>assentior.</strong></span> 
     </span>
     <span class='ocr_line' id='line_1_42' title="bbox 333 3639 687 3707; baseline 0.003 -18"><span class='ocrx_word' id='word_1_231' title='bbox 333 3639 601 3690; x_wconf 62' lang='lat' dir='ltr'><strong>Admau.</strong></span> <span class='ocrx_word' id='word_1_232' title='bbox 670 3694 687 3707; x_wconf 53' lang='lat'><strong>,</strong></span> 
     </span>
    </p>

    <p class='ocr_par' dir='ltr' id='par_1_4' title="bbox 335 3714 1408 4398">
     <span class='ocr_line' id='line_1_43' title="bbox 407 3714 1401 3780; baseline -0.002 -15"><span class='ocrx_word' id='word_1_233' title='bbox 407 3716 683 3766; x_wconf 75' lang='lat' dir='ltr'><strong>Verberibus</strong></span> <span class='ocrx_word' id='word_1_234' title='bbox 728 3715 985 3780; x_wconf 63' lang='lat' dir='ltr'><strong>mulctant]</strong></span> <span class='ocrx_word' id='word_1_235' title='bbox 1039 3714 1240 3777; x_wconf 81' lang='lat' dir='ltr'><strong>Malim,</strong></span> <span class='ocrx_word' id='word_1_236' title='bbox 1281 3715 1401 3763; x_wconf 71' lang='lat' dir='ltr'><strong>mal-</strong></span> 
     </span>
     <span class='ocr_line' id='line_1_44' title="bbox 335 3791 1399 3856; baseline -0.004 -13"><span class='ocrx_word' id='word_1_237' title='bbox 335 3798 463 3855; x_wconf 69' lang='lat' dir='ltr'><strong>ent,</strong></span> <span class='ocrx_word' id='word_1_238' title='bbox 480 3793 535 3842; x_wconf 82' lang='lat' dir='ltr'><strong>in</strong></span> <span class='ocrx_word' id='word_1_239' title='bbox 558 3794 653 3842; x_wconf 83' lang='lat' dir='ltr'><strong>hac</strong></span> <span class='ocrx_word' id='word_1_240' title='bbox 671 3792 1064 3856; x_wconf 78' lang='lat' dir='ltr'><strong>significatione.</strong></span> <span class='ocrx_word' id='word_1_241' title='bbox 1097 3791 1282 3840; x_wconf 88' lang='lat' dir='ltr'><strong>Cicero</strong></span> <span class='ocrx_word' id='word_1_242' title='bbox 1303 3804 1399 3853; x_wconf 79' lang='lat' dir='ltr'><strong>pro</strong></span> 
     </span>
     <span class='ocr_line' id='line_1_45' title="bbox 337 3866 1399 3922; baseline -0.005 -1"><span class='ocrx_word' id='word_1_243' title='bbox 337 3870 573 3921; x_wconf 65' lang='lat' dir='ltr'><strong>Milone:</strong></span> <span class='ocrx_word' id='word_1_244' title='bbox 606 3869 622 3897; x_wconf 89' lang='lat'>‘</span> <span class='ocrx_word' id='word_1_245' title='bbox 641 3871 762 3922; x_wconf 83' lang='lat' dir='ltr'><strong>Qua</strong></span> <span class='ocrx_word' id='word_1_246' title='bbox 793 3870 845 3919; x_wconf 88' lang='lat' dir='ltr'><strong>in</strong></span> <span class='ocrx_word' id='word_1_247' title='bbox 877 3869 1031 3918; x_wconf 85' lang='lat' dir='ltr'><strong>turba</strong></span> <span class='ocrx_word' id='word_1_248' title='bbox 1065 3868 1126 3918; x_wconf 91' lang='lat' dir='ltr'><strong>C.</strong></span> <span class='ocrx_word' id='word_1_249' title='bbox 1149 3866 1399 3916; x_wconf 85' lang='lat' dir='ltr'><strong>Vivienus</strong></span> 
     </span>
     <span class='ocr_line' id='line_1_46' title="bbox 338 3944 1401 4006; baseline -0.004 -10"><span class='ocrx_word' id='word_1_250' title='bbox 338 3953 550 3996; x_wconf 82' lang='lat' dir='ltr'><strong>senator</strong></span> <span class='ocrx_word' id='word_1_251' title='bbox 583 3945 661 3996; x_wconf 84' lang='lat' dir='ltr'><strong>ita</strong></span> <span class='ocrx_word' id='word_1_252' title='bbox 697 3952 780 3995; x_wconf 87' lang='lat' dir='ltr'><strong>est</strong></span> <span class='ocrx_word' id='word_1_253' title='bbox 820 3946 1099 4006; x_wconf 86' lang='lat' dir='ltr'><strong>mulcatus,</strong></span> <span class='ocrx_word' id='word_1_254' title='bbox 1146 3950 1207 3993; x_wconf 86' lang='lat' dir='ltr'><strong>ut</strong></span> <span class='ocrx_word' id='word_1_255' title='bbox 1239 3944 1401 3993; x_wconf 81' lang='lat' dir='ltr'><strong>vitam</strong></span> 
     </span>
     <span class='ocr_line' id='line_1_47' title="bbox 338 4020 1404 4085; baseline -0.006 -9"><span class='ocrx_word' id='word_1_256' title='bbox 338 4023 605 4080; x_wconf 65' lang='lat' dir='ltr'><strong>amiserit!</strong></span> <span class='ocrx_word' id='word_1_257' title='bbox 655 4023 832 4072; x_wconf 83' lang='lat' dir='ltr'><strong>Livius</strong></span> <span class='ocrx_word' id='word_1_258' title='bbox 872 4024 909 4073; x_wconf 89' lang='lat'><strong>1.</strong></span> <span class='ocrx_word' id='word_1_259' title='bbox 932 4035 1093 4072; x_wconf 77' lang='lat' dir='ltr'><strong>xxxx.</strong></span> <span class='ocrx_word' id='word_1_260' title='bbox 1130 4020 1147 4051; x_wconf 85' lang='lat'>‘</span> <span class='ocrx_word' id='word_1_261' title='bbox 1169 4022 1236 4071; x_wconf 90' lang='lat' dir='ltr'><strong>Iu</strong></span> <span class='ocrx_word' id='word_1_262' title='bbox 1264 4023 1404 4085; x_wconf 81' lang='lat' dir='ltr'><strong>lega·</strong></span> 
     </span>
     <span class='ocr_line' id='line_1_48' title="bbox 342 4096 1404 4165; baseline -0.007 -12"><span class='ocrx_word' id='word_1_263' title='bbox 342 4101 472 4165; x_wconf 78' lang='lat' dir='ltr'><strong>tam,</strong></span> <span class='ocrx_word' id='word_1_264' title='bbox 515 4100 788 4150; x_wconf 81' lang='lat' dir='ltr'><strong>lictoribus</strong></span> <span class='ocrx_word' id='word_1_265' title='bbox 842 4099 987 4165; x_wconf 83' lang='lat' dir='ltr'><strong>prins</strong></span> <span class='ocrx_word' id='word_1_266' title='bbox 1038 4097 1307 4162; x_wconf 77' lang='lat' dir='ltr'><strong>indignum</strong></span> <span class='ocrx_word' id='word_1_267' title='bbox 1349 4096 1404 4146; x_wconf 88' lang='lat' dir='ltr'><strong>in</strong></span> 
     </span>
     <span class='ocr_line' id='line_1_49' title="bbox 338 4173 1404 4240; baseline -0.005 -11"><span class='ocrx_word' id='word_1_268' title='bbox 338 4180 551 4237; x_wconf 75' lang='lat' dir='ltr'><strong>modum</strong></span> <span class='ocrx_word' id='word_1_269' title='bbox 581 4176 841 4239; x_wconf 85' lang='lat' dir='ltr'><strong>mulcatis,</strong></span> <span class='ocrx_word' id='word_1_270' title='bbox 873 4177 1129 4240; x_wconf 80' lang='lat' dir='ltr'><strong>impetum</strong></span> <span class='ocrx_word' id='word_1_271' title='bbox 1163 4173 1404 4225; x_wconf 55' lang='lat' dir='ltr'><strong>faciunt?</strong></span> 
     </span>
     <span class='ocr_line' id='line_1_50' title="bbox 343 4254 1406 4316; baseline -0.006 -9"><span class='ocrx_word' id='word_1_272' title='bbox 343 4256 493 4307; x_wconf 80' lang='lat' dir='ltr'><strong>Idem</strong></span> <span class='ocrx_word' id='word_1_273' title='bbox 536 4256 573 4305; x_wconf 90' lang='lat'><strong>1.</strong></span> <span class='ocrx_word' id='word_1_274' title='bbox 605 4268 735 4304; x_wconf 80' lang='lat' dir='ltr'><strong>vm.</strong></span> <span class='ocrx_word' id='word_1_275' title='bbox 774 4254 791 4282; x_wconf 91' lang='lat'>‘</span> <span class='ocrx_word' id='word_1_276' title='bbox 814 4254 1041 4316; x_wconf 85' lang='lat' dir='ltr'><strong>Sperare</strong></span> <span class='ocrx_word' id='word_1_277' title='bbox 1073 4266 1150 4315; x_wconf 89' lang='lat' dir='ltr'><strong>se,</strong></span> <span class='ocrx_word' id='word_1_278' title='bbox 1187 4265 1406 4315; x_wconf 87' lang='lat' dir='ltr'><strong>corpore</strong></span> 
     </span>
     <span class='ocr_line' id='line_1_51' title="bbox 341 4329 1408 4398; baseline -0.004 -15"><span class='ocrx_word' id='word_1_279' title='bbox 341 4333 491 4398; x_wconf 73' lang='lat' dir='ltr'><strong>regie</strong></span> <span class='ocrx_word' id='word_1_280' title='bbox 512 4337 794 4396; x_wconf 68' lang='lat' dir='ltr'><strong>utcumque</strong></span> <span class='ocrx_word' id='word_1_281' title='bbox 813 4329 1059 4394; x_wconf 76' lang='lat' dir='ltr'><strong>mulcato,</strong></span> <span class='ocrx_word' id='word_1_282' title='bbox 1077 4342 1137 4380; x_wconf 86' lang='lat' dir='ltr'><strong>se</strong></span> <span class='ocrx_word' id='word_1_283' title='bbox 1174 4341 1291 4378; x_wconf 86' lang='lat' dir='ltr'><strong>suos</strong></span> <span class='ocrx_word' id='word_1_284' title='bbox 1328 4341 1408 4379; x_wconf 86' lang='lat' dir='ltr'><strong>re·</strong></span> 
     </span>
    </p>
   </div>
   <div class='ocr_carea' id='block_1_3' title="bbox 2327 384 2505 454">
    <p class='ocr_par' dir='ltr' id='par_1_5' title="bbox 2327 384 2505 454">
     <span class='ocr_line' id='line_1_52' title="bbox 2327 384 2505 454; baseline 0 0"><span class='ocrx_word' id='word_1_285' title='bbox 2327 384 2505 454; x_wconf 58' lang='grc' dir='ltr'><strong>Μ</strong></span> 
     </span>
    </p>
   </div>
   <div class='ocr_carea' id='block_1_4' title="bbox 1443 544 2588 4385">
    <p class='ocr_par' dir='ltr' id='par_1_6' title="bbox 1443 544 2509 772">
     <span class='ocr_line' id='line_1_53' title="bbox 1444 544 2509 617; baseline -0.009 -14"><span class='ocrx_word' id='word_1_286' title='bbox 1444 552 1773 617; x_wconf 71' lang='lat' dir='ltr'><strong>dempturum</strong></span> <span class='ocrx_word' id='word_1_287' title='bbox 1792 550 1826 600; x_wconf 81' lang='lat'><strong>:²</strong></span> <span class='ocrx_word' id='word_1_288' title='bbox 1856 556 1912 600; x_wconf 92' lang='lat' dir='ltr'><strong>et</strong></span> <span class='ocrx_word' id='word_1_289' title='bbox 1932 549 2075 614; x_wconf 83' lang='lat' dir='ltr'><strong>alibi,</strong></span> <span class='ocrx_word' id='word_1_290' title='bbox 2106 546 2123 577; x_wconf 86' lang='lat'>‘</span> <span class='ocrx_word' id='word_1_291' title='bbox 2147 547 2385 598; x_wconf 80' lang='lat' dir='ltr'><strong>Mulcare</strong></span> <span class='ocrx_word' id='word_1_292' title='bbox 2405 544 2509 594; x_wconf 71' lang='lat' dir='ltr'><strong>vira·</strong></span> 
     </span>
     <span class='ocr_line' id='line_1_54' title="bbox 1444 625 2508 695; baseline -0.006 -16"><span class='ocrx_word' id='word_1_293' title='bbox 1444 631 1556 695; x_wconf 87' lang='lat' dir='ltr'><strong>gis.&#39;</strong></span> <span class='ocrx_word' id='word_1_294' title='bbox 1610 629 1811 682; x_wconf 85' lang='lat' dir='ltr'><strong>Quibus</strong></span> <span class='ocrx_word' id='word_1_295' title='bbox 1834 629 1960 678; x_wconf 90' lang='lat' dir='ltr'><strong>locis</strong></span> <span class='ocrx_word' id='word_1_296' title='bbox 1993 627 2244 688; x_wconf 88' lang='lat' dir='ltr'><strong>omnibus,</strong></span> <span class='ocrx_word' id='word_1_297' title='bbox 2275 625 2508 687; x_wconf 67' lang='lat' dir='ltr'><strong>Multam,</strong></span> 
     </span>
     <span class='ocr_line' id='line_1_55' title="bbox 1443 704 2290 772; baseline -0.008 -15"><span class='ocrx_word' id='word_1_298' title='bbox 1443 723 1548 759; x_wconf 89' lang='lat' dir='ltr'><strong>uon</strong></span> <span class='ocrx_word' id='word_1_299' title='bbox 1571 721 1720 772; x_wconf 77' lang='lat' dir='ltr'><strong>aeque</strong></span> <span class='ocrx_word' id='word_1_300' title='bbox 1744 707 1932 770; x_wconf 88' lang='lat' dir='ltr'><strong>placet.</strong></span> <span class='ocrx_word' id='word_1_301' title='bbox 1977 704 2182 767; x_wconf 70' lang='lat' dir='ltr'><strong>Lipsius.</strong></span> <span class='ocrx_word' id='word_1_302' title='bbox 2275 748 2290 759; x_wconf 81' lang='grc'>,</span> 
     </span>
    </p>

    <p class='ocr_par' dir='ltr' id='par_1_7' title="bbox 1447 774 2515 1529">
     <span class='ocr_line' id='line_1_56' title="bbox 1510 774 2510 839; baseline -0.01 -4"><span class='ocrx_word' id='word_1_303' title='bbox 1510 786 1786 834; x_wconf 77' lang='lat' dir='ltr'><strong>Prostratos</strong></span> <span class='ocrx_word' id='word_1_304' title='bbox 1821 780 2090 832; x_wconf 75' lang='lat' dir='ltr'><strong>verberibus</strong></span> <span class='ocrx_word' id='word_1_305' title='bbox 2121 776 2351 839; x_wconf 75' lang='lat' dir='ltr'><strong>mulcant]</strong></span> <span class='ocrx_word' id='word_1_306' title='bbox 2384 774 2510 826; x_wconf 75' lang='lat' dir='ltr'><strong>Hoc</strong></span> 
     </span>
     <span class='ocr_line' id='line_1_57' title="bbox 1447 858 2507 922; baseline -0.009 -12"><span class='ocrx_word' id='word_1_307' title='bbox 1447 861 1606 911; x_wconf 83' lang='lat' dir='ltr'><strong>etiam</strong></span> <span class='ocrx_word' id='word_1_308' title='bbox 1652 877 1718 910; x_wconf 81' lang='lat' dir='ltr'><strong>ex</strong></span> <span class='ocrx_word' id='word_1_309' title='bbox 1759 858 1963 922; x_wconf 84' lang='lat' dir='ltr'><strong>iugenio</strong></span> <span class='ocrx_word' id='word_1_310' title='bbox 2024 858 2247 920; x_wconf 73' lang='lat' dir='ltr'><strong>Lipsius,</strong></span> <span class='ocrx_word' id='word_1_311' title='bbox 2308 860 2363 903; x_wconf 81' lang='lat' dir='ltr'><strong>et</strong></span> <span class='ocrx_word' id='word_1_312' title='bbox 2409 865 2507 916; x_wconf 83' lang='lat' dir='ltr'><strong>ego</strong></span> 
     </span>
     <span class='ocr_line' id='line_1_58' title="bbox 1447 928 2512 997; baseline -0.009 -8"><span class='ocrx_word' id='word_1_313' title='bbox 1447 939 1764 989; x_wconf 83' lang='lat' dir='ltr'><strong>auctoritate</strong></span> <span class='ocrx_word' id='word_1_314' title='bbox 1835 934 2178 997; x_wconf 81' lang='lat' dir='ltr'><strong>Mauuscripti</strong></span> <span class='ocrx_word' id='word_1_315' title='bbox 2246 928 2512 979; x_wconf 78' lang='lat' dir='ltr'><strong>confirmo.</strong></span> 
     </span>
     <span class='ocr_line' id='line_1_59' title="bbox 1447 1005 2510 1070; baseline -0.012 -4"><span class='ocrx_word' id='word_1_316' title='bbox 1447 1015 1676 1066; x_wconf 75' lang='lat' dir='ltr'><strong>Pichena.</strong></span> <span class='ocrx_word' id='word_1_317' title='bbox 1712 1015 1841 1064; x_wconf 85' lang='lat' dir='ltr'><strong>Ideo</strong></span> <span class='ocrx_word' id='word_1_318' title='bbox 1861 1013 1977 1063; x_wconf 75' lang='lat' dir='ltr'><strong>dice</strong></span> <span class='ocrx_word' id='word_1_319' title='bbox 1986 1014 2168 1061; x_wconf 89' lang='lat' dir='ltr'><strong>bantur</strong></span> <span class='ocrx_word' id='word_1_320' title='bbox 2182 1008 2350 1070; x_wconf 62' lang='lat' dir='ltr'><strong>subiici</strong></span> <span class='ocrx_word' id='word_1_321' title='bbox 2359 1005 2510 1067; x_wconf 71' lang='lat' dir='ltr'><strong>sasti-</strong></span> 
     </span>
     <span class='ocr_line' id='line_1_60' title="bbox 1447 1088 2509 1153; baseline -0.013 -9"><span class='ocrx_word' id='word_1_322' title='bbox 1447 1093 1532 1143; x_wconf 71' lang='lat' dir='ltr'><strong>bus</strong></span> <span class='ocrx_word' id='word_1_323' title='bbox 1554 1095 1613 1144; x_wconf 90' lang='lat' dir='ltr'><strong>L.</strong></span> <span class='ocrx_word' id='word_1_324' title='bbox 1644 1094 1738 1143; x_wconf 88' lang='lat' dir='ltr'><strong>ult.</strong></span> <span class='ocrx_word' id='word_1_325' title='bbox 1791 1092 1871 1140; x_wconf 92' lang='lat' dir='ltr'><strong>De</strong></span> <span class='ocrx_word' id='word_1_326' title='bbox 1907 1089 2109 1153; x_wconf 88' lang='lat' dir='ltr'><strong>injuriis</strong></span> <span class='ocrx_word' id='word_1_327' title='bbox 2148 1093 2203 1136; x_wconf 91' lang='lat' dir='ltr'><strong>et</strong></span> <span class='ocrx_word' id='word_1_328' title='bbox 2239 1088 2276 1135; x_wconf 89' lang='lat' dir='ltr'><strong>l.</strong></span> <span class='ocrx_word' id='word_1_329' title='bbox 2300 1093 2509 1133; x_wconf 77' lang='lat' dir='ltr'><strong>xxvnr.</strong></span> 
     </span>
     <span class='ocr_line' id='line_1_61' title="bbox 1447 1163 2509 1230; baseline -0.013 -9"><span class='ocrx_word' id='word_1_330' title='bbox 1447 1172 1536 1221; x_wconf 87' lang='lat' dir='ltr'><strong>De</strong></span> <span class='ocrx_word' id='word_1_331' title='bbox 1558 1170 1754 1219; x_wconf 87' lang='lat' dir='ltr'><strong>Poeuis.</strong></span> <span class='ocrx_word' id='word_1_332' title='bbox 1811 1169 1943 1220; x_wconf 81' lang='lat' dir='ltr'><strong>Quae</strong></span> <span class='ocrx_word' id='word_1_333' title='bbox 1969 1179 2120 1230; x_wconf 86' lang='lat' dir='ltr'><strong>poena</strong></span> <span class='ocrx_word' id='word_1_334' title='bbox 2141 1169 2226 1213; x_wconf 89' lang='lat' dir='ltr'><strong>est</strong></span> <span class='ocrx_word' id='word_1_335' title='bbox 2247 1163 2509 1225; x_wconf 86' lang='lat' dir='ltr'><strong>pervetus.</strong></span> 
     </span>
     <span class='ocr_line' id='line_1_62' title="bbox 1449 1238 2512 1304; baseline -0.011 -8"><span class='ocrx_word' id='word_1_336' title='bbox 1449 1246 1584 1296; x_wconf 86' lang='lat' dir='ltr'><strong>Nam</strong></span> <span class='ocrx_word' id='word_1_337' title='bbox 1607 1246 1828 1295; x_wconf 84' lang='lat' dir='ltr'><strong>Denter.</strong></span> <span class='ocrx_word' id='word_1_338' title='bbox 1852 1248 1934 1293; x_wconf 79' lang='lat'><strong>25.</strong></span> <span class='ocrx_word' id='word_1_339' title='bbox 1956 1258 1971 1292; x_wconf 71' lang='grc' dir='ltr'>ι</span> <span class='ocrx_word' id='word_1_340' title='bbox 1996 1242 2012 1269; x_wconf 90' lang='lat'>‘</span> <span class='ocrx_word' id='word_1_341' title='bbox 2040 1243 2170 1291; x_wconf 88' lang='lat' dir='ltr'><strong>Eum</strong></span> <span class='ocrx_word' id='word_1_342' title='bbox 2207 1238 2293 1304; x_wconf 89' lang='lat' dir='ltr'><strong>qui</strong></span> <span class='ocrx_word' id='word_1_343' title='bbox 2327 1249 2512 1300; x_wconf 86' lang='lat' dir='ltr'><strong>pecca-</strong></span> 
     </span>
     <span class='ocr_line' id='line_1_63' title="bbox 1451 1314 2515 1387; baseline -0.009 -15"><span class='ocrx_word' id='word_1_344' title='bbox 1451 1325 1544 1387; x_wconf 83' lang='lat' dir='ltr'><strong>vit,</strong></span> <span class='ocrx_word' id='word_1_345' title='bbox 1580 1323 1623 1372; x_wconf 89' lang='lat' dir='ltr'><strong>si</strong></span> <span class='ocrx_word' id='word_1_346' title='bbox 1657 1323 1868 1386; x_wconf 86' lang='lat' dir='ltr'><strong>dignum</strong></span> <span class='ocrx_word' id='word_1_347' title='bbox 1908 1318 2131 1371; x_wconf 85' lang='lat' dir='ltr'><strong>viderint</strong></span> <span class='ocrx_word' id='word_1_348' title='bbox 2175 1314 2360 1380; x_wconf 85' lang='lat' dir='ltr'><strong>plagis,</strong></span> <span class='ocrx_word' id='word_1_349' title='bbox 2397 1326 2515 1377; x_wconf 87' lang='lat' dir='ltr'><strong>pro·</strong></span> 
     </span>
     <span class='ocr_line' id='line_1_64' title="bbox 1450 1390 2515 1461; baseline -0.011 -10"><span class='ocrx_word' id='word_1_350' title='bbox 1450 1406 1706 1461; x_wconf 86' lang='lat' dir='ltr'><strong>sternent,</strong></span> <span class='ocrx_word' id='word_1_351' title='bbox 1726 1407 1784 1449; x_wconf 86' lang='lat' dir='ltr'><strong>et</strong></span> <span class='ocrx_word' id='word_1_352' title='bbox 1804 1413 1978 1449; x_wconf 86' lang='lat' dir='ltr'><strong>coram</strong></span> <span class='ocrx_word' id='word_1_353' title='bbox 2014 1409 2071 1446; x_wconf 89' lang='lat' dir='ltr'><strong>se</strong></span> <span class='ocrx_word' id='word_1_354' title='bbox 2105 1393 2304 1444; x_wconf 84' lang='lat' dir='ltr'><strong>facient</strong></span> <span class='ocrx_word' id='word_1_355' title='bbox 2337 1390 2515 1441; x_wconf 85' lang='lat' dir='ltr'><strong>verbe-</strong></span> 
     </span>
     <span class='ocr_line' id='line_1_65' title="bbox 1450 1477 1868 1529; baseline -0.007 -1"><span class='ocrx_word' id='word_1_356' title='bbox 1450 1478 1590 1529; x_wconf 85' lang='lat' dir='ltr'><strong>rari.’</strong></span> <span class='ocrx_word' id='word_1_357' title='bbox 1628 1477 1868 1527; x_wconf 71' lang='lat' dir='ltr'><strong>Aurelius.</strong></span> 
     </span>
    </p>

    <p class='ocr_par' dir='ltr' id='par_1_8' title="bbox 1452 1541 2537 2462">
     <span class='ocr_line' id='line_1_66' title="bbox 1517 1541 2516 1618; baseline -0.013 -12"><span class='ocrx_word' id='word_1_358' title='bbox 1517 1554 1757 1618; x_wconf 76' lang='lat' dir='ltr'><strong>Sexageni</strong></span> <span class='ocrx_word' id='word_1_359' title='bbox 1796 1550 2027 1614; x_wconf 68' lang='lat' dir='ltr'><strong>singulae]</strong></span> <span class='ocrx_word' id='word_1_360' title='bbox 2067 1549 2231 1600; x_wconf 84' lang='lat' dir='ltr'><strong>Notat</strong></span> <span class='ocrx_word' id='word_1_361' title='bbox 2266 1545 2349 1595; x_wconf 85' lang='lat' dir='ltr'><strong>hic</strong></span> <span class='ocrx_word' id='word_1_362' title='bbox 2393 1541 2516 1607; x_wconf 83' lang='lat' dir='ltr'><strong>Llp-</strong></span> 
     </span>
     <span class='ocr_line' id='line_1_67' title="bbox 1452 1620 2521 1696; baseline -0.014 -13"><span class='ocrx_word' id='word_1_363' title='bbox 1452 1634 1579 1696; x_wconf 85' lang='lat' dir='ltr'><strong>sius,</strong></span> <span class='ocrx_word' id='word_1_364' title='bbox 1594 1633 1649 1682; x_wconf 85' lang='lat' dir='ltr'><strong>in</strong></span> <span class='ocrx_word' id='word_1_365' title='bbox 1670 1631 1824 1696; x_wconf 88' lang='lat' dir='ltr'><strong>plena</strong></span> <span class='ocrx_word' id='word_1_366' title='bbox 1843 1629 2052 1693; x_wconf 76' lang='lat' dir='ltr'><strong>legione</strong></span> <span class='ocrx_word' id='word_1_367' title='bbox 2069 1624 2225 1674; x_wconf 84' lang='lat' dir='ltr'><strong>fuisse</strong></span> <span class='ocrx_word' id='word_1_368' title='bbox 2246 1620 2521 1684; x_wconf 78' lang='lat' dir='ltr'><strong>sexaginta</strong></span> 
     </span>
     <span class='ocr_line' id='line_1_68' title="bbox 1454 1692 2519 1764; baseline -0.015 -4"><span class='ocrx_word' id='word_1_369' title='bbox 1454 1708 1819 1759; x_wconf 86' lang='lat' dir='ltr'><strong>Centuriones.</strong></span> <span class='ocrx_word' id='word_1_370' title='bbox 1879 1703 2023 1753; x_wconf 82' lang='lat' dir='ltr'><strong>Idem</strong></span> <span class='ocrx_word' id='word_1_371' title='bbox 2066 1701 2118 1749; x_wconf 92' lang='lat' dir='ltr'><strong>iu</strong></span> <span class='ocrx_word' id='word_1_372' title='bbox 2157 1713 2336 1764; x_wconf 85' lang='lat' dir='ltr'><strong>opere,</strong></span> <span class='ocrx_word' id='word_1_373' title='bbox 2379 1692 2519 1760; x_wconf 81' lang='lat' dir='ltr'><strong>quod</strong></span> 
     </span>
     <span class='ocr_line' id='line_1_69' title="bbox 1456 1772 2519 1840; baseline -0.012 -5"><span class='ocrx_word' id='word_1_374' title='bbox 1456 1785 1522 1835; x_wconf 87' lang='lat' dir='ltr'><strong>de</strong></span> <span class='ocrx_word' id='word_1_375' title='bbox 1576 1784 1763 1834; x_wconf 82' lang='lat' dir='ltr'><strong>militia</strong></span> <span class='ocrx_word' id='word_1_376' title='bbox 1836 1782 2066 1831; x_wconf 85' lang='lat' dir='ltr'><strong>Romana</strong></span> <span class='ocrx_word' id='word_1_377' title='bbox 2136 1772 2519 1840; x_wconf 82' lang='lat' dir='ltr'><strong>elegantissime</strong></span> 
     </span>
     <span class='ocr_line' id='line_1_70' title="bbox 1456 1849 2519 1927; baseline -0.014 -14"><span class='ocrx_word' id='word_1_378' title='bbox 1456 1862 1685 1927; x_wconf 83' lang='lat' dir='ltr'><strong>scripsit,</strong></span> <span class='ocrx_word' id='word_1_379' title='bbox 1722 1862 1757 1909; x_wconf 95' lang='lat' dir='ltr'><strong>l.</strong></span> <span class='ocrx_word' id='word_1_380' title='bbox 1792 1873 1859 1910; x_wconf 89' lang='lat'><strong>11.</strong></span> <span class='ocrx_word' id='word_1_381' title='bbox 1919 1857 2059 1906; x_wconf 90' lang='lat' dir='ltr'><strong>Dial.</strong></span> <span class='ocrx_word' id='word_1_382' title='bbox 2095 1860 2144 1905; x_wconf 84' lang='lat'><strong>6.</strong></span> <span class='ocrx_word' id='word_1_383' title='bbox 2203 1858 2259 1901; x_wconf 90' lang='lat' dir='ltr'><strong>et</strong></span> <span class='ocrx_word' id='word_1_384' title='bbox 2318 1856 2368 1901; x_wconf 88' lang='grc'><strong>8.</strong></span> <span class='ocrx_word' id='word_1_385' title='bbox 2420 1849 2519 1898; x_wconf 83' lang='lat' dir='ltr'><strong>boc</strong></span> 
     </span>
     <span class='ocr_line' id='line_1_71' title="bbox 1455 1922 2521 1998; baseline -0.015 -9"><span class='ocrx_word' id='word_1_386' title='bbox 1455 1938 1754 1990; x_wconf 84' lang='lat' dir='ltr'><strong>distinctius</strong></span> <span class='ocrx_word' id='word_1_387' title='bbox 1803 1931 2102 1998; x_wconf 79' lang='lat' dir='ltr'><strong>explicavit.</strong></span> <span class='ocrx_word' id='word_1_388' title='bbox 2153 1927 2413 1991; x_wconf 84' lang='lat' dir='ltr'><strong>&#39;Triginta</strong></span> <span class='ocrx_word' id='word_1_389' title='bbox 2465 1922 2521 1974; x_wconf 87' lang='lat' dir='ltr'><strong>in</strong></span> 
     </span>
     <span class='ocr_line' id='line_1_72' title="bbox 1455 2004 2521 2082; baseline -0.02 -14"><span class='ocrx_word' id='word_1_390' title='bbox 1455 2016 1685 2082; x_wconf 84' lang='lat' dir='ltr'><strong>qualibet</strong></span> <span class='ocrx_word' id='word_1_391' title='bbox 1706 2013 1913 2077; x_wconf 81' lang='lat' dir='ltr'><strong>legione</strong></span> <span class='ocrx_word' id='word_1_392' title='bbox 1934 2006 2184 2072; x_wconf 71' lang='lat' dir='ltr'><strong>manipuli,</strong></span> <span class='ocrx_word' id='word_1_393' title='bbox 2205 2004 2380 2068; x_wconf 84' lang='lat' dir='ltr'><strong>quiex</strong></span> <span class='ocrx_word' id='word_1_394' title='bbox 2399 2013 2521 2050; x_wconf 83' lang='lat' dir='ltr'><strong>cen-</strong></span> 
     </span>
     <span class='ocr_line' id='line_1_73' title="bbox 1456 2077 2523 2154; baseline -0.018 -11"><span class='ocrx_word' id='word_1_395' title='bbox 1456 2082 1567 2142; x_wconf 86' lang='lat' dir='ltr'><strong>tum</strong></span> <span class='ocrx_word' id='word_1_396' title='bbox 1602 2097 1658 2141; x_wconf 90' lang='lat' dir='ltr'><strong>et</strong></span> <span class='ocrx_word' id='word_1_397' title='bbox 1697 2089 1880 2154; x_wconf 80' lang='lat' dir='ltr'><strong>viginti</strong></span> <span class='ocrx_word' id='word_1_398' title='bbox 1923 2084 2169 2136; x_wconf 88' lang='lat' dir='ltr'><strong>militibus</strong></span> <span class='ocrx_word' id='word_1_399' title='bbox 2194 2077 2523 2130; x_wconf 85' lang='lat' dir='ltr'><strong>constabant.</strong></span> 
     </span>
     <span class='ocr_line' id='line_1_74' title="bbox 1455 2155 2524 2226; baseline -0.022 -5"><span class='ocrx_word' id='word_1_400' title='bbox 1455 2168 1807 2220; x_wconf 83' lang='lat' dir='ltr'><strong>Dividebatur</strong></span> <span class='ocrx_word' id='word_1_401' title='bbox 1844 2162 2133 2226; x_wconf 88' lang='lat' dir='ltr'><strong>manipulus</strong></span> <span class='ocrx_word' id='word_1_402' title='bbox 2166 2158 2217 2207; x_wconf 91' lang='lat' dir='ltr'><strong>iu</strong></span> <span class='ocrx_word' id='word_1_403' title='bbox 2247 2155 2372 2204; x_wconf 87' lang='lat' dir='ltr'><strong>duas</strong></span> <span class='ocrx_word' id='word_1_404' title='bbox 2404 2164 2524 2217; x_wconf 75' lang='lat' dir='ltr'><strong>par-</strong></span> 
     </span>
     <span class='ocr_line' id='line_1_75' title="bbox 1458 2226 2526 2309; baseline -0.021 -13"><span class='ocrx_word' id='word_1_405' title='bbox 1458 2251 1558 2307; x_wconf 91' lang='lat' dir='ltr'><strong>tes,</strong></span> <span class='ocrx_word' id='word_1_406' title='bbox 1579 2258 1708 2309; x_wconf 88' lang='lat' dir='ltr'><strong>quas</strong></span> <span class='ocrx_word' id='word_1_407' title='bbox 1744 2241 1933 2291; x_wconf 68' lang='lat' dir='ltr'><strong>ordines</strong></span> <span class='ocrx_word' id='word_1_408' title='bbox 1977 2235 2268 2285; x_wconf 84' lang='lat' dir='ltr'><strong>vocabant:</strong></span> <span class='ocrx_word' id='word_1_409' title='bbox 2310 2226 2526 2279; x_wconf 82' lang='lat' dir='ltr'><strong>cuilibet</strong></span> 
     </span>
     <span class='ocr_line' id='line_1_76' title="bbox 1461 2304 2537 2384; baseline -0.022 -10"><span class='ocrx_word' id='word_1_410' title='bbox 1461 2322 1639 2384; x_wconf 58' lang='lat' dir='ltr'><strong>ordeni,</strong></span> <span class='ocrx_word' id='word_1_411' title='bbox 1679 2320 1732 2369; x_wconf 85' lang='lat' dir='ltr'><strong>id</strong></span> <span class='ocrx_word' id='word_1_412' title='bbox 1779 2324 1876 2378; x_wconf 81' lang='lat' dir='ltr'><strong>est,</strong></span> <span class='ocrx_word' id='word_1_413' title='bbox 1930 2312 2202 2376; x_wconf 79' lang='lat' dir='ltr'><strong>sexaginta</strong></span> <span class='ocrx_word' id='word_1_414' title='bbox 2256 2304 2537 2366; x_wconf 68' lang='lat' dir='ltr'><strong>militibus,</strong></span> 
     </span>
     <span class='ocr_line' id='line_1_77' title="bbox 1460 2383 2396 2462; baseline -0.022 -12"><span class='ocrx_word' id='word_1_415' title='bbox 1460 2415 1591 2448; x_wconf 86' lang='lat' dir='ltr'><strong>unns</strong></span> <span class='ocrx_word' id='word_1_416' title='bbox 1614 2401 1834 2462; x_wconf 68' lang='lat' dir='ltr'><strong>praeerat</strong></span> <span class='ocrx_word' id='word_1_417' title='bbox 1857 2389 2120 2443; x_wconf 89' lang='lat' dir='ltr'><strong>Centurio.</strong></span> <span class='ocrx_word' id='word_1_418' title='bbox 2166 2383 2396 2433; x_wconf 66' lang='lat' dir='ltr'><strong>Pio-hena.</strong></span> 
     </span>
    </p>

    <p class='ocr_par' dir='ltr' id='par_1_9' title="bbox 1460 2455 2561 4217">
     <span class='ocr_line' id='line_1_78' title="bbox 1529 2455 2528 2524; baseline -0.021 0"><span class='ocrx_word' id='word_1_419' title='bbox 1529 2476 1647 2524; x_wconf 73' lang='lat' dir='ltr'><strong>Tum</strong></span> <span class='ocrx_word' id='word_1_420' title='bbox 1666 2472 1927 2522; x_wconf 76' lang='lat' dir='ltr'><strong>adolescens</strong></span> <span class='ocrx_word' id='word_1_421' title='bbox 1946 2472 1991 2514; x_wconf 80' lang='lat' dir='ltr'><strong>et</strong></span> <span class='ocrx_word' id='word_1_422' title='bbox 2012 2462 2161 2513; x_wconf 74' lang='lat' dir='ltr'><strong>animi</strong></span> <span class='ocrx_word' id='word_1_423' title='bbox 2180 2455 2353 2521; x_wconf 79' lang='lat' dir='ltr'><strong>ferox]</strong></span> <span class='ocrx_word' id='word_1_424' title='bbox 2396 2456 2528 2506; x_wconf 77' lang='lat' dir='ltr'><strong>Ado-</strong></span> 
     </span>
     <span class='ocr_line' id='line_1_79' title="bbox 1460 2533 2528 2606; baseline -0.022 -3"><span class='ocrx_word' id='word_1_425' title='bbox 1460 2553 1705 2602; x_wconf 66' lang='lat' dir='ltr'><strong>texentem</strong></span> <span class='ocrx_word' id='word_1_426' title='bbox 1725 2548 1825 2596; x_wconf 87' lang='lat' dir='ltr'><strong>boc</strong></span> <span class='ocrx_word' id='word_1_427' title='bbox 1849 2547 1963 2594; x_wconf 89' lang='lat' dir='ltr'><strong>loco</strong></span> <span class='ocrx_word' id='word_1_428' title='bbox 1985 2556 2080 2606; x_wconf 91' lang='lat' dir='ltr'><strong>pro</strong></span> <span class='ocrx_word' id='word_1_429' title='bbox 2097 2538 2299 2588; x_wconf 83' lang='lat' dir='ltr'><strong>bomine</strong></span> <span class='ocrx_word' id='word_1_430' title='bbox 2314 2533 2528 2596; x_wconf 86' lang='lat' dir='ltr'><strong>triginta</strong></span> 
     </span>
     <span class='ocr_line' id='line_1_80' title="bbox 1465 2608 2527 2690; baseline -0.024 -10"><span class='ocrx_word' id='word_1_431' title='bbox 1465 2628 1610 2679; x_wconf 86' lang='lat' dir='ltr'><strong>aunis</strong></span> <span class='ocrx_word' id='word_1_432' title='bbox 1648 2624 1890 2690; x_wconf 83' lang='lat' dir='ltr'><strong>propiore</strong></span> <span class='ocrx_word' id='word_1_433' title='bbox 1913 2618 2055 2684; x_wconf 89' lang='lat' dir='ltr'><strong>poni,</strong></span> <span class='ocrx_word' id='word_1_434' title='bbox 2074 2622 2183 2666; x_wconf 86' lang='lat' dir='ltr'><strong>tum</strong></span> <span class='ocrx_word' id='word_1_435' title='bbox 2207 2611 2348 2661; x_wconf 82' lang='lat' dir='ltr'><strong>vocis</strong></span> <span class='ocrx_word' id='word_1_436' title='bbox 2369 2608 2527 2672; x_wconf 82' lang='lat' dir='ltr'><strong>hujus</strong></span> 
     </span>
     <span class='ocr_line' id='line_1_81' title="bbox 1464 2689 2529 2767; baseline -0.023 -11"><span class='ocrx_word' id='word_1_437' title='bbox 1464 2719 1588 2754; x_wconf 89' lang='lat' dir='ltr'><strong>usus</strong></span> <span class='ocrx_word' id='word_1_438' title='bbox 1610 2702 1843 2767; x_wconf 77' lang='lat' dir='ltr'><strong>patitur-3</strong></span> <span class='ocrx_word' id='word_1_439' title='bbox 1866 2705 1975 2747; x_wconf 87' lang='lat' dir='ltr'><strong>tum</strong></span> <span class='ocrx_word' id='word_1_440' title='bbox 1990 2704 2116 2744; x_wconf 79' lang='lat' dir='ltr'><strong>vero</strong></span> <span class='ocrx_word' id='word_1_441' title='bbox 2133 2706 2217 2741; x_wconf 84' lang='lat' dir='ltr'><strong>res</strong></span> <span class='ocrx_word' id='word_1_442' title='bbox 2236 2689 2347 2752; x_wconf 88' lang='lat' dir='ltr'><strong>ipsa</strong></span> <span class='ocrx_word' id='word_1_443' title='bbox 2364 2697 2529 2749; x_wconf 85' lang='lat' dir='ltr'><strong>prope</strong></span> 
     </span>
     <span class='ocr_line' id='line_1_82' title="bbox 1465 2762 2530 2845; baseline -0.023 -12"><span class='ocrx_word' id='word_1_444' title='bbox 1465 2782 1628 2845; x_wconf 88' lang='lat' dir='ltr'><strong>cogit.</strong></span> <span class='ocrx_word' id='word_1_445' title='bbox 1682 2780 1820 2829; x_wconf 86' lang='lat' dir='ltr'><strong>Nam</strong></span> <span class='ocrx_word' id='word_1_446' title='bbox 1842 2771 2221 2830; x_wconf 82' lang='lat' dir='ltr'><strong>centurionem,</strong></span> <span class='ocrx_word' id='word_1_447' title='bbox 2241 2772 2298 2815; x_wconf 92' lang='lat' dir='ltr'><strong>et</strong></span> <span class='ocrx_word' id='word_1_448' title='bbox 2319 2762 2530 2828; x_wconf 86' lang='lat' dir='ltr'><strong>quidem</strong></span> 
     </span>
     <span class='ocr_line' id='line_1_83' title="bbox 1467 2839 2531 2910; baseline -0.017 -3"><span class='ocrx_word' id='word_1_449' title='bbox 1467 2870 1705 2907; x_wconf 83' lang='lat' dir='ltr'><strong>severum</strong></span> <span class='ocrx_word' id='word_1_450' title='bbox 1725 2853 1903 2910; x_wconf 87' lang='lat' dir='ltr'><strong>fuisse,</strong></span> <span class='ocrx_word' id='word_1_451' title='bbox 1917 2865 1984 2898; x_wconf 83' lang='lat' dir='ltr'><strong>ex</strong></span> <span class='ocrx_word' id='word_1_452' title='bbox 1999 2844 2218 2896; x_wconf 86' lang='lat' dir='ltr'><strong>historia</strong></span> <span class='ocrx_word' id='word_1_453' title='bbox 2237 2839 2501 2905; x_wconf 85' lang='lat' dir='ltr'><strong>colligitur</strong></span> <span class='ocrx_word' id='word_1_454' title='bbox 2513 2852 2531 2889; x_wconf 91' lang='lat'><strong>:</strong></span> 
     </span>
     <span class='ocr_line' id='line_1_84' title="bbox 1468 2916 2533 2999; baseline -0.021 -14"><span class='ocrx_word' id='word_1_455' title='bbox 1468 2933 1605 2999; x_wconf 80' lang='lat' dir='ltr'><strong>quod</strong></span> <span class='ocrx_word' id='word_1_456' title='bbox 1625 2938 1904 2994; x_wconf 86' lang='lat' dir='ltr'><strong>utrumque</strong></span> <span class='ocrx_word' id='word_1_457' title='bbox 1926 2927 2014 2975; x_wconf 84' lang='lat' dir='ltr'><strong>vix</strong></span> <span class='ocrx_word' id='word_1_458' title='bbox 2033 2923 2175 2974; x_wconf 85' lang='lat' dir='ltr'><strong>cadit</strong></span> <span class='ocrx_word' id='word_1_459' title='bbox 2197 2921 2250 2970; x_wconf 90' lang='lat' dir='ltr'><strong>in</strong></span> <span class='ocrx_word' id='word_1_460' title='bbox 2273 2916 2533 2969; x_wconf 85' lang='lat' dir='ltr'><strong>tantillam</strong></span> 
     </span>
     <span class='ocr_line' id='line_1_85' title="bbox 1470 2993 2535 3071; baseline -0.019 -10"><span class='ocrx_word' id='word_1_461' title='bbox 1470 3015 1703 3071; x_wconf 80' lang='lat' dir='ltr'><strong>aetatem,</strong></span> <span class='ocrx_word' id='word_1_462' title='bbox 1743 3006 1949 3071; x_wconf 86' lang='lat' dir='ltr'><strong>qualem</strong></span> <span class='ocrx_word' id='word_1_463' title='bbox 1990 3001 2226 3067; x_wconf 78' lang='lat' dir='ltr'><strong>quaedam</strong></span> <span class='ocrx_word' id='word_1_464' title='bbox 2272 2993 2535 3046; x_wconf 78' lang='lat' dir='ltr'><strong>versiones</strong></span> 
     </span>
     <span class='ocr_line' id='line_1_86' title="bbox 1469 3072 2538 3140; baseline -0.021 0"><span class='ocrx_word' id='word_1_465' title='bbox 1469 3089 1704 3140; x_wconf 89' lang='lat' dir='ltr'><strong>tribuere</strong></span> <span class='ocrx_word' id='word_1_466' title='bbox 1725 3083 1966 3135; x_wconf 87' lang='lat' dir='ltr'><strong>videntur</strong></span> <span class='ocrx_word' id='word_1_467' title='bbox 1994 3081 2117 3129; x_wconf 87' lang='lat' dir='ltr'><strong>huic</strong></span> <span class='ocrx_word' id='word_1_468' title='bbox 2148 3073 2358 3127; x_wconf 85' lang='lat' dir='ltr'><strong>homini.</strong></span> <span class='ocrx_word' id='word_1_469' title='bbox 2423 3072 2538 3122; x_wconf 77' lang='lat' dir='ltr'><strong>De·</strong></span> 
     </span>
     <span class='ocr_line' id='line_1_87' title="bbox 1469 3147 2536 3220; baseline -0.022 -2"><span class='ocrx_word' id='word_1_470' title='bbox 1469 3168 1591 3217; x_wconf 85' lang='lat' dir='ltr'><strong>inde</strong></span> <span class='ocrx_word' id='word_1_471' title='bbox 1634 3162 1911 3215; x_wconf 89' lang='lat' dir='ltr'><strong>Suetonius</strong></span> <span class='ocrx_word' id='word_1_472' title='bbox 1958 3156 2127 3220; x_wconf 86' lang='lat' dir='ltr'><strong>Calig.</strong></span> <span class='ocrx_word' id='word_1_473' title='bbox 2175 3157 2256 3203; x_wconf 80' lang='grc' dir='ltr'><strong>ὅθ.</strong></span> <span class='ocrx_word' id='word_1_474' title='bbox 2311 3150 2378 3199; x_wconf 89' lang='lat' dir='ltr'><strong>de</strong></span> <span class='ocrx_word' id='word_1_475' title='bbox 2433 3147 2536 3197; x_wconf 82' lang='lat' dir='ltr'><strong>hoc</strong></span> 
     </span>
     <span class='ocr_line' id='line_1_88' title="bbox 1473 3226 2537 3297; baseline -0.022 -2"><span class='ocrx_word' id='word_1_476' title='bbox 1473 3246 1693 3295; x_wconf 65' lang='lat' dir='ltr'><strong>Chaerea</strong></span> <span class='ocrx_word' id='word_1_477' title='bbox 1714 3241 1788 3291; x_wconf 89' lang='lat' dir='ltr'><strong>sic</strong></span> <span class='ocrx_word' id='word_1_478' title='bbox 1824 3236 2035 3289; x_wconf 85' lang='lat' dir='ltr'><strong>scribit:</strong></span> <span class='ocrx_word' id='word_1_479' title='bbox 2069 3235 2085 3261; x_wconf 82' lang='lat'><strong><em>⁴</em></strong></span> <span class='ocrx_word' id='word_1_480' title='bbox 2106 3245 2257 3297; x_wconf 88' lang='lat' dir='ltr'><strong>quem</strong></span> <span class='ocrx_word' id='word_1_481' title='bbox 2279 3226 2537 3277; x_wconf 84' lang='lat' dir='ltr'><strong>seniorem</strong></span> 
     </span>
     <span class='ocr_line' id='line_1_89' title="bbox 1465 3303 2539 3388; baseline -0.022 -15"><span class='ocrx_word' id='word_1_482' title='bbox 1465 3324 1580 3388; x_wconf 89' lang='lat' dir='ltr'><strong>jam</strong></span> <span class='ocrx_word' id='word_1_483' title='bbox 1603 3321 1855 3370; x_wconf 86' lang='lat' dir='ltr'><strong>denotare</strong></span> <span class='ocrx_word' id='word_1_484' title='bbox 1889 3315 2025 3365; x_wconf 87' lang='lat' dir='ltr'><strong>omni</strong></span> <span class='ocrx_word' id='word_1_485' title='bbox 2052 3309 2240 3383; x_wconf 83' lang='lat' dir='ltr'><strong>probro</strong></span> <span class='ocrx_word' id='word_1_486' title='bbox 2261 3303 2539 3356; x_wconf 87' lang='lat' dir='ltr'><strong>consuerat</strong></span> 
     </span>
     <span class='ocr_line' id='line_1_90' title="bbox 1474 3383 2540 3449; baseline -0.023 1"><span class='ocrx_word' id='word_1_487' title='bbox 1474 3396 1665 3449; x_wconf 87' lang='lat' dir='ltr'><strong>Caius.&#39;</strong></span> <span class='ocrx_word' id='word_1_488' title='bbox 1717 3395 1793 3448; x_wconf 81' lang='lat' dir='ltr'><strong>At</strong></span> <span class='ocrx_word' id='word_1_489' title='bbox 1836 3390 1947 3442; x_wconf 89' lang='lat' dir='ltr'><strong>Caii</strong></span> <span class='ocrx_word' id='word_1_490' title='bbox 1981 3387 2153 3439; x_wconf 80' lang='lat' dir='ltr'><strong>caedes</strong></span> <span class='ocrx_word' id='word_1_491' title='bbox 2192 3388 2343 3434; x_wconf 85' lang='lat' dir='ltr'><strong>sexto</strong></span> <span class='ocrx_word' id='word_1_492' title='bbox 2378 3383 2540 3444; x_wconf 85' lang='lat' dir='ltr'><strong>atquc</strong></span> 
     </span>
     <span class='ocr_line' id='line_1_91' title="bbox 1475 3460 2561 3535; baseline -0.024 -8"><span class='ocrx_word' id='word_1_493' title='bbox 1475 3475 1720 3526; x_wconf 85' lang='lat' dir='ltr'><strong>vicesimo</strong></span> <span class='ocrx_word' id='word_1_494' title='bbox 1743 3476 1863 3535; x_wconf 88' lang='lat' dir='ltr'><strong>post</strong></span> <span class='ocrx_word' id='word_1_495' title='bbox 1892 3469 2022 3516; x_wconf 85' lang='lat' dir='ltr'><strong>banc</strong></span> <span class='ocrx_word' id='word_1_496' title='bbox 2059 3460 2364 3512; x_wconf 84' lang='lat' dir='ltr'><strong>seditionem</strong></span> <span class='ocrx_word' id='word_1_497' title='bbox 2402 3468 2561 3504; x_wconf 87' lang='lat' dir='ltr'><strong>anuo·</strong></span> 
     </span>
     <span class='ocr_line' id='line_1_92' title="bbox 1478 3529 2543 3617; baseline -0.023 -14"><span class='ocrx_word' id='word_1_498' title='bbox 1478 3557 1689 3617; x_wconf 88' lang='lat' dir='ltr'><strong>patrata</strong></span> <span class='ocrx_word' id='word_1_499' title='bbox 1708 3553 1824 3607; x_wconf 87' lang='lat' dir='ltr'><strong>est;</strong></span> <span class='ocrx_word' id='word_1_500' title='bbox 1848 3556 2012 3609; x_wconf 85' lang='lat' dir='ltr'><strong>neque</strong></span> <span class='ocrx_word' id='word_1_501' title='bbox 2034 3534 2393 3593; x_wconf 83' lang='lat' dir='ltr'><strong>dubitandum,</strong></span> <span class='ocrx_word' id='word_1_502' title='bbox 2414 3529 2543 3596; x_wconf 83' lang='lat' dir='ltr'><strong>quin</strong></span> 
     </span>
     <span class='ocr_line' id='line_1_93' title="bbox 1479 3606 2540 3687; baseline -0.023 -8"><span class='ocrx_word' id='word_1_503' title='bbox 1479 3628 1569 3678; x_wconf 82' lang='lat' dir='ltr'><strong>diu</strong></span> <span class='ocrx_word' id='word_1_504' title='bbox 1605 3631 1761 3676; x_wconf 85' lang='lat' dir='ltr'><strong>autea</strong></span> <span class='ocrx_word' id='word_1_505' title='bbox 1797 3620 2000 3687; x_wconf 85' lang='lat' dir='ltr'><strong>probris</strong></span> <span class='ocrx_word' id='word_1_506' title='bbox 2030 3615 2130 3666; x_wconf 89' lang='lat' dir='ltr'><strong>illis</strong></span> <span class='ocrx_word' id='word_1_507' title='bbox 2152 3608 2431 3674; x_wconf 84' lang='lat' dir='ltr'><strong>exagitarit</strong></span> <span class='ocrx_word' id='word_1_508' title='bbox 2450 3606 2540 3656; x_wconf 79' lang='lat' dir='ltr'><strong>bo-</strong></span> 
     </span>
     <span class='ocr_line' id='line_1_94' title="bbox 1477 3691 2542 3764; baseline -0.024 -5"><span class='ocrx_word' id='word_1_509' title='bbox 1477 3706 1698 3761; x_wconf 83' lang='lat' dir='ltr'><strong>minem:</strong></span> <span class='ocrx_word' id='word_1_510' title='bbox 1734 3707 1890 3764; x_wconf 86' lang='lat' dir='ltr'><strong>atque</strong></span> <span class='ocrx_word' id='word_1_511' title='bbox 1933 3698 2010 3747; x_wconf 90' lang='lat' dir='ltr'><strong>ita</strong></span> <span class='ocrx_word' id='word_1_512' title='bbox 2040 3695 2152 3760; x_wconf 90' lang='lat' dir='ltr'><strong>jam</strong></span> <span class='ocrx_word' id='word_1_513' title='bbox 2185 3692 2382 3754; x_wconf 86' lang='lat' dir='ltr'><strong>aliquot</strong></span> <span class='ocrx_word' id='word_1_514' title='bbox 2416 3691 2542 3736; x_wconf 87' lang='lat' dir='ltr'><strong>ante</strong></span> 
     </span>
     <span class='ocr_line' id='line_1_95' title="bbox 1476 3763 2542 3850; baseline -0.022 -16"><span class='ocrx_word' id='word_1_515' title='bbox 1476 3786 1589 3850; x_wconf 84' lang='lat' dir='ltr'><strong>ejus</strong></span> <span class='ocrx_word' id='word_1_516' title='bbox 1612 3794 1791 3831; x_wconf 83' lang='lat' dir='ltr'><strong>necem</strong></span> <span class='ocrx_word' id='word_1_517' title='bbox 1814 3790 1972 3827; x_wconf 84' lang='lat' dir='ltr'><strong>annos</strong></span> <span class='ocrx_word' id='word_1_518' title='bbox 1990 3773 2145 3824; x_wconf 72' lang='lat' dir='ltr'><strong>senior</strong></span> <span class='ocrx_word' id='word_1_519' title='bbox 2162 3768 2320 3820; x_wconf 83' lang='lat' dir='ltr'><strong>fuerit</strong></span> <span class='ocrx_word' id='word_1_520' title='bbox 2336 3763 2542 3839; x_wconf 74' lang='lat' dir='ltr'><strong>habitus</strong></span> 
     </span>
     <span class='ocr_line' id='line_1_96' title="bbox 1474 3839 2550 3916; baseline -0.025 -4"><span class='ocrx_word' id='word_1_521' title='bbox 1474 3862 1561 3912; x_wconf 74' lang='lat' dir='ltr'><strong>hic</strong></span> <span class='ocrx_word' id='word_1_522' title='bbox 1581 3858 1828 3916; x_wconf 56' lang='lat' dir='ltr'><strong>Chaerea:</strong></span> <span class='ocrx_word' id='word_1_523' title='bbox 1866 3855 1919 3904; x_wconf 79' lang='lat' dir='ltr'><strong>h.</strong></span> <span class='ocrx_word' id='word_1_524' title='bbox 1942 3867 1990 3901; x_wconf 90' lang='lat' dir='ltr'><strong>e.</strong></span> <span class='ocrx_word' id='word_1_525' title='bbox 2030 3850 2075 3899; x_wconf 92' lang='lat' dir='ltr'><strong>si</strong></span> <span class='ocrx_word' id='word_1_526' title='bbox 2094 3863 2158 3897; x_wconf 86' lang='lat' dir='ltr'><strong>ex</strong></span> <span class='ocrx_word' id='word_1_527' title='bbox 2176 3839 2550 3895; x_wconf 81' lang='lat' dir='ltr'><strong>constitutione</strong></span> 
     </span>
     <span class='ocr_line' id='line_1_97' title="bbox 1476 3915 2546 3998; baseline -0.024 -8"><span class='ocrx_word' id='word_1_528' title='bbox 1476 3936 1647 3991; x_wconf 82' lang='lat' dir='ltr'><strong>Servii</strong></span> <span class='ocrx_word' id='word_1_529' title='bbox 1670 3934 1805 3997; x_wconf 83' lang='lat' dir='ltr'><strong>regis</strong></span> <span class='ocrx_word' id='word_1_530' title='bbox 1818 3928 1983 3998; x_wconf 87' lang='lat' dir='ltr'><strong>(apud</strong></span> <span class='ocrx_word' id='word_1_531' title='bbox 1999 3926 2173 3991; x_wconf 84' lang='lat' dir='ltr'><strong>Agell.</strong></span> <span class='ocrx_word' id='word_1_532' title='bbox 2196 3936 2254 3973; x_wconf 87' lang='lat' dir='ltr'><strong>x.</strong></span> <span class='ocrx_word' id='word_1_533' title='bbox 2275 3916 2384 3983; x_wconf 80' lang='lat'><strong>28.)</strong></span> <span class='ocrx_word' id='word_1_534' title='bbox 2405 3915 2546 3967; x_wconf 87' lang='lat' dir='ltr'><strong>acci-</strong></span> 
     </span>
     <span class='ocr_line' id='line_1_98' title="bbox 1479 3997 2546 4080; baseline -0.022 -15"><span class='ocrx_word' id='word_1_535' title='bbox 1479 4016 1613 4080; x_wconf 86' lang='lat' dir='ltr'><strong>pias,</strong></span> <span class='ocrx_word' id='word_1_536' title='bbox 1634 4016 1700 4062; x_wconf 78' lang='lat'><strong>46</strong></span> <span class='ocrx_word' id='word_1_537' title='bbox 1721 4010 1864 4061; x_wconf 86' lang='lat' dir='ltr'><strong>annis</strong></span> <span class='ocrx_word' id='word_1_538' title='bbox 1883 4006 2075 4070; x_wconf 87' lang='lat' dir='ltr'><strong>major;</strong></span> <span class='ocrx_word' id='word_1_539' title='bbox 2098 3999 2237 4066; x_wconf 85' lang='lat' dir='ltr'><strong>quod</strong></span> <span class='ocrx_word' id='word_1_540' title='bbox 2260 3997 2302 4046; x_wconf 85' lang='lat' dir='ltr'><strong>si</strong></span> <span class='ocrx_word' id='word_1_541' title='bbox 2320 4009 2387 4045; x_wconf 82' lang='lat' dir='ltr'><strong>ex</strong></span> <span class='ocrx_word' id='word_1_542' title='bbox 2404 4007 2546 4044; x_wconf 86' lang='lat' dir='ltr'><strong>com-</strong></span> 
     </span>
     <span class='ocr_line' id='line_1_99' title="bbox 1481 4073 2548 4153; baseline -0.022 -11"><span class='ocrx_word' id='word_1_543' title='bbox 1481 4090 1627 4142; x_wconf 90' lang='lat' dir='ltr'><strong>muni</strong></span> <span class='ocrx_word' id='word_1_544' title='bbox 1657 4084 1901 4153; x_wconf 80' lang='lat' dir='ltr'><strong>loquendi</strong></span> <span class='ocrx_word' id='word_1_545' title='bbox 1922 4097 2038 4142; x_wconf 86' lang='lat' dir='ltr'><strong>usu,</strong></span> <span class='ocrx_word' id='word_1_546' title='bbox 2059 4078 2219 4127; x_wconf 85' lang='lat' dir='ltr'><strong>multo</strong></span> <span class='ocrx_word' id='word_1_547' title='bbox 2243 4073 2398 4123; x_wconf 86' lang='lat' dir='ltr'><strong>etiam</strong></span> <span class='ocrx_word' id='word_1_548' title='bbox 2426 4085 2548 4136; x_wconf 83' lang='lat' dir='ltr'><strong>pro-</strong></span> 
     </span>
     <span class='ocr_line' id='line_1_100' title="bbox 1480 4158 2119 4217; baseline -0.022 0"><span class='ocrx_word' id='word_1_549' title='bbox 1480 4163 1704 4217; x_wconf 81' lang='lat' dir='ltr'><strong>vectior.</strong></span> <span class='ocrx_word' id='word_1_550' title='bbox 1756 4158 2119 4213; x_wconf 68' lang='lat' dir='ltr'><strong>Freinshemius.</strong></span> 
     </span>
    </p>

    <p class='ocr_par' dir='ltr' id='par_1_10' title="bbox 1483 4226 2588 4385">
     <span class='ocr_line' id='line_1_101' title="bbox 1549 4226 2588 4297; baseline -0.022 -2"><span class='ocrx_word' id='word_1_551' title='bbox 1549 4246 1611 4295; x_wconf 77' lang='lat' dir='ltr'><strong>Id</strong></span> <span class='ocrx_word' id='word_1_552' title='bbox 1652 4240 1885 4291; x_wconf 73' lang='lat' dir='ltr'><strong>militares</strong></span> <span class='ocrx_word' id='word_1_553' title='bbox 1924 4231 2129 4294; x_wconf 69' lang='lat' dir='ltr'><strong>aniraos]</strong></span> <span class='ocrx_word' id='word_1_554' title='bbox 2174 4231 2306 4282; x_wconf 69' lang='lat' dir='ltr'><strong>Quie</strong></span> <span class='ocrx_word' id='word_1_555' title='bbox 2346 4226 2547 4290; x_wconf 82' lang='lat' dir='ltr'><strong>impetu</strong></span> <span class='ocrx_word' id='word_1_556' title='bbox 2583 4294 2588 4297; x_wconf 19' lang='grc' dir='ltr'><strong>Δ</strong></span> 
     </span>
     <span class='ocr_line' id='line_1_102' title="bbox 1483 4306 2554 4385; baseline -0.02 -11"><span class='ocrx_word' id='word_1_557' title='bbox 1483 4321 1636 4385; x_wconf 81' lang='lat' dir='ltr'><strong>fiunt,</strong></span> <span class='ocrx_word' id='word_1_558' title='bbox 1655 4319 1842 4371; x_wconf 82' lang='lat' dir='ltr'><strong>durare</strong></span> <span class='ocrx_word' id='word_1_559' title='bbox 1861 4326 1965 4365; x_wconf 88' lang='lat' dir='ltr'><strong>non</strong></span> <span class='ocrx_word' id='word_1_560' title='bbox 1985 4311 2185 4364; x_wconf 87' lang='lat' dir='ltr'><strong>solent:</strong></span> <span class='ocrx_word' id='word_1_561' title='bbox 2208 4320 2324 4375; x_wconf 74' lang='lat' dir='ltr'><strong>quae</strong></span> <span class='ocrx_word' id='word_1_562' title='bbox 2338 4306 2554 4356; x_wconf 73' lang='lat' dir='ltr'><strong>cuneta·-</strong></span> 
     </span>
    </p>
   </div>
  </div>
 </body>
</html>
