3009 4942
1011 384 1373 470 cunum.
1405 412 1586 472 car.
1631 404 1739 472 12.

285 558 445 615 heres
498 560 685 617 armat}
729 559 1008 613 convenire
1029 558 1351 628 'coguner

359 714 544 771 Quibus
560 719 663 765 tum
683 719 731 765 et
752 715 1107 780 eoircendijnoe]
1169 714 1234 765 In
1258 713 1353 764 At·

289 790 456 858 tolpbi
496 792 677 842 codiee
721 793 938 857 legitur3
992 792 1158 857 quibus
1195 797 1352 842 tmen

290 862 565 919 coercendi.
600 868 837 921 Rhenan.
873 904 885 915 .

300 945 513 995 ·Prout
523 948 649 996 &tos
667 945 853 1012 cuique]
918 946 1234 997 Claudianus
1254 934 1353 997 hoc

289 1020 451 1075 ctiam
503 1024 557 1073 in
605 1025 797 1076 Getico
852 1024 1098 1075 consessu
1160 1020 1358 1075 notat'r

301 1130 312 1138 -
287 1095 622 1163 ‘primosque
639 1113 846 1150 suorum
860 1100 1167 1150 consultare
1179 1099 1360 1165 jubet,

290 1173 445 1226 bellis
479 1177 732 1242 annisque
756 1178 1032 1228 verendos.
1067 1175 1355 1240 ‘crinigeri

284 1252 476 1317 sedere
500 1254 711 1319 patres.'
742 1254 951 1318 Lipsius.

356 1329 446 1379 Sin
462 1331 663 1394 placuit,
673 1330 889 1392 frameas
908 1329 1206 1395 com-atim]
1267 1330 1355 1381 Sic

291 1405 510 1457 Tacitus
546 1408 722 1457 noster
742 1405 884 1457 Hist.
915 1421 967 1458 v.
1004 1412 1084 1458 17.
1126 1404 1359 1458 de'G‘er-

291 1483 459 1533 manis
498 1483 815 1548 Batavisque
850 1485 928 1535 Cl.
952 1484 1131 1535 Civilis
1169 1486 1358 1536 oratio·

293 1562 410 1610 n'em
444 1561 544 1619 sibi
559 1556 827 1626 'placuisse
849 1562 1355 1612 demonstrantibus:

289 1639 311 1666 ‘
333 1636 463 1698 nbi,’
495 1639 681 1704 inquit,
711 1641 726 1667 ⁴
752 1653 879 1689 sono
916 1654 1171 1689 armornm
1195 1639 1359 1703 tripu-

294 1715 513 1780 diisque,
535 1716 609 1765 ita
629 1716 730 1766 illis
754 1732 896 1781 mos,-
914 1714 1210 1781 approbata
1239 1721 1360 1766 suut

294 1784 476 1842 dicta!
524 1790 746 1843 Rhenum
809 1795 897 1844 De
941 1808 1193 1844 armorum
1231 1806 1360 1843 sono

295 1868 432 1919 dixit
453 1870 609 1919 etiam
633 1869 774 1920 Hist.
812 1883 869 1919 v.
907 1874 987 1920 17.
1051 1869 1238 1919 Fiebat
1273 1868 1361 1919 au'-

294 1952 424 2007 tem,
437 1954 587 1997 scuta
609 1947 768 1998 hastis
791 1962 884 1997 seu
904 1946 1089 2011 gladiis
1107 1945 1361 1997 feriendo.

294 2021 550 2089 Idemque
574 2026 683 2074 mo's
705 2025 866 2075 etiam
892 2025 1166 2074 Romanis:
1222 2023 1361 2082 vide,

296 2099 339 2149 si
366 2101 561 2164 placet,
593 2100 823 2165 Lipsium
859 2101 925 2151 de
958 2101 1069 2150 mil.
1108 2099 1261 2151 Rom.
1282 2113 1361 2148 tv.

296 2179 350 2228 9.
373 2183 431 2227 et
452 2182 534 2227 11.
556 2177 647 2227 ubi
669 2177 803 2226 hunc
824 2176 1020 2226 moreni
1043 2174 1220 2226 multis
1243 2190 1362 2226 auc·

293 2260 471 2305 torum
490 2255 744 2317 exemplis
761 2252 1329 2317 confirmat.Pie1oeu51.

301 2332 500 2383 ZCAP.
527 2337 624 2382 12.
638 2332 853 2381 Imbelles
872 2337 1124 2395 ποθι-μη
1143 2326 1366 2390 infames]

300 2407 440 2459 Hoc:
454 2390 571 2471 lego
605 2406 686 2456 de
706 2407 1038 2458 Germanis?
1059 2405 1160 2457 feri
1199 2407 1290 2456 illi'
1310 2412 1366 2455 et

298 2483 496 2545 horridi
535 2482 810 2534 faemineo
815 2483 1014 2535 morbo
1048 2490 1104 2534 et
1147 2482 1369 2532 mollitie

296 2562 533 2625 eorporis
548 2559 794 2611 infames?
822 2561 1114 2625 Numquam
1131 2559 1365 2609 credam·
1350 2593 1365 2608 .

299 2643 360 2689 et
381 2638 761 2689 Quinctilianus
795 2646 940 2688 certe
964 2652 1053 2687 eos
1093 2636 1284 2702 purgat
1315 2636 1368 2686 iu

300 2714 698 2765 Declamatione
737 2729 833 2778 pro
872 2714 1066 2775 Milite,
1088 2713 1237 2778 cujus
1275 2728 1369 2776 pu·

299 2789 478 2841 dicitia
489 2798 702 2849 ,tentata
725 2791 1027 2842 aTribuno:
1061 2793 1077 2820 ‘
1101 2791 1246 2840 Nihil
1264 2791 1370 2839 tale

300 2881 494 2918 novere
540 2868 805 2930 Germani,
813 2876 822 2883 “
852 2876 910 2918 et
954 2869 1184 2918 sanetius
1230 2868 1367 2931 apud

303 2947 577 2997 O‘ceanuui
603 2946 827 2996 vivitur?
886 2945 1185 2996 Sci-ibamus
1210 2944 1371 3009 igitur

301 3021 554 3089 (gratiam
584 3022 710 3071 mihi
747 3036 862 3085 age,
879 3024 1074 3110 magua
1102 3020 1295 3085 patria)
1324 3025 1371 3070 et

302 3101 493 3163 torpore
514 3098 731 3160 infames.

299 3173 390 3225 bic
411 3176 617 3237 Taciti,
652 3188 805 3238 quam
840 3175 978 3241 quod
1017 3175 1247 3239 ignavos,
1272 3180 1374 3223 tor·

303 3256 513 3316 pentes,
545 3250 684 3299 bello
720 3251 950 3312 inutiles,
968 3256 1113 3299 crate
1134 3249 1376 3314 imposita

305 3327 606 3379 uenerint.
694 3325 842 3376 Idem
891 3327 944 3375 iu
985 3326 1168 3375 eodem
1211 3323 1375 3373 verb'o

301 3404 669 3469 vitiumwpud
709 3404 969 3470 Agellium
1012 3418 1131 3454 xlx.
1185 3408 1266 3453 12.
1320 3403 1376 3453 in

307 3486 576 3536 extremo:
597 3486 615 3515 ⁴
629 3484 884 3533 Omnibus
907 3483 1377 3534 vehementioribus

308 3557 694 3610 animiaeofficiis
729 3560 1017 3622 amputatis
1059 3559 1113 3607 in
1156 3562 1377 3621 corpore

307 3630 528 3703 ignavae·
552 3640 606 3684 et
644 3636 787 3699 quasi
827 3639 1089 3683 enervatae
1112 3634 1232 3683 vitae
1257 3646 1378 3682 cou-

308 3711 662 3765 senescuntz’:
704 3711 896 3773 scribe,
956 3716 1160 3775 torpore.
1259 3712 1379 3760 Hoc

307 3791 435 3841 mihi
456 3797 688 3840 certum:
742 3789 912 3852 quatit
953 3793 1125 3837 tamen
1149 3787 1380 3837 nonnihil

310 3866 597 3918 Athonem
619 3864 707 3914 lib.
730 3877 855 3915 1111.
893 3865 981 3928 qui
1019 3862 1213 3913 foedum
1255 3864 1379 3913 illud

310 3943 498 3998 uuum
522 3948 770 3990 remotum
795 3958 824 3989 a
847 3956 947 4004 me,
965 3956 1139 3990 rursus
1161 3941 1381 4005 imponit
1419 3941 1424 3946 ’

312 4012 590 4071 Germanis
612 4034 625 4066 ι
648 4016 823 4065 Κέλτοι
843 4015 1001 4066 obruit
1020 4016 1287 4082 Βαρβάρων,
1308 4019 1394 4067 ine

314 4093 619 4162 mitfendam
640 4092 907 4145 καλλίστας
928 4093 1122 4155 ἔχοντες
1142 4097 1383 4155 γυναῖκας,

314 4171 752 4230 παιδικοῖς-μᾶλλον
786 4170 1050 4233 χαίρουσιν,
1071 4171 1133 4219 ὥς
1152 4168 1386 4219 πολλάκις

313 4249 468 4301 idom
488 4249 563 4296 ἐπὶ
592 4249 695 4297 ταῖς
727 4250 879 4311 δοραῖς
898 4247 1021 4307 μετὰ
1049 4246 1146 4296 Mo*
1153 4245 1387 4311 ἐρωμένων

303 4325 668 4389 ψαύεσθαι.
697 4328 887 4385 Qum
893 4323 1017 4379 faui
1051 4332 1224 4381 tamen
1243 4325 1383 4379 seio·

449 4406 629 4474 Delpk.
646 4412 696 4460 et
723 4406 841 4459 Var.
863 4407 994 4459 Clas.

798 3099 919 3148 Non
944 3098 1082 3147 enim
1106 3096 1208 3146 alia
1229 3098 1391 3145 mens=

1336 4403 1495 4455 Tacit.

1425 569 1524 615 n‘ec
1545 565 1716 616 urtica
1746 564 1837 615 illa
1871 550 2113 631 umquam
2137 554 2313 631 tetigit
2332 550 2498 631 majo,-

1426 632 1511 690 res
1532 650 1753 692 nostros.
1817 638 1999 692 Austri
2037 649 2095 693 et
2135 639 2368 693 Orientis
2391 640 2495 693 ista
2535 655 2542 661 ·

1425 715 1639 767 infamia
1678 719 1775 767 sit:
1833 733 1949 783 quae
1994 733 2061 768 ne
2106 733 2240 769 nnuc
2282 717 2495 791 quidem

1424 794 1837 856 septemtriones
1873 793 2098 857 habitat,
2119 802 2211 845 aut
2248 794 2495 871 frigidum

1428 877 1734 936 castumque
1768 872 1902 922 hunc
1938 872 2131 922 orbem.
2198 870 2331 922 Haec
2354 873 2498 924 labe

1427 942 1606 996 facere
1627 948 1802 997 conati
1824 948 1949 1012 alii,
1965 949 2058 998 sed
2095 948 2407 999 firmavimus
2441 949 2496 999 in

1429 1025 1648 1075 Excurs.
1664 1024 1728 1076 A.
1775 1026 1985 1090 Νικίαι.

1498 1103 1705 1167 Corpore
1746 1103 1976 1167 infames]
2042 1104 2244 1169 Lipsius
2298 1060 2500 1167 mallet,

1429 1184 1618 1244 torpore
1638 1179 1854 1242 insmues.
1905 1183 2062 1234 Quod
2085 1181 2206 1232 mihi
2226 1188 2373 1233 certe
2391 1196 2498 1233 non

1434 1258 1717 1322 probatur.
1775 1273 1895 1307 nam
1941 1264 2122 1323 torpor
2162 1266 2218 1309 et
2270 1259 2497 1325 ignavia,

1432 1328 1640 1399 proprie
1678 1333 1891 1384 infamia
1930 1335 2105 1385 vocari
2146 1349 2248 1385 non
2290 1340 2496 1400 potest:

1431 1408 1600 1474 neque
1622 1405 1738 1473 'ego
1772 1412 1856 1461 hic
1891 1408 2143 1472 infamiam
2177 1413 2386 1476 eorporis
2423 1412 2500 1460 in·

1435 1492 1697 1549 terpretor
1733 1487 2084 1536 tantummodo
2105 1487 2504 1552 impudicitiam,

1435 1561 1528 1610 sed
1550 1561 1679 1612 vitia
1699 1563 1886 1626 omnia,
1898 1577 2014 1628 quae
2033 1577 2218 1627 corpus
2238 1564 2502 1628 vitamque

1434 1639 1844 1702 commaculavit,
1881 1639 2112 1705 quamvis
2152 1638 2289 1689 Αίιιι.
2330 1638 2421 1690 lib.
2462 1651 2504 1690 ῐ.

1436 1714 1652 1779 dixerit,
1684 1716 1700 1746 ‘
1726 1716 1961 1769 Cassium
1997 1710 2250 1782 quendam
2291 1717 2503 1766 mimum

1435 1807 1655 1856 corpore
1675 1791 1922 1844 infamem
1938 1793 1973 1843 ι’
2024 1800 2079 1844 et
2112 1794 2147 1843 l.
2174 1807 2268 1844 xv.
2300 1794 2315 1820 ‘
2341 1792 2505 1845 Quin-

1438 1871 1606 1923 tianus
1642 1871 1786 1920 molli
1815 1885 2038 1935 corpore
2060 1870 2297 1923 infamis.’
2330 1896 2341 1909 ·
2363 1870 2505 1921 Picta.

1439 1947 1687 1996 Germani
1722 1946 1790 1996 ab
1832 1962 2011 1997 aversa
2042 1948 2250 1997 Venere
2272 1948 2507 1998 insanum

1436 2036 1574 2071 nune
1599 2022 1907 2073 abhorrent:
1955 2023 2214 2089 iidemque
2254 2024 2324 2091 (si
2358 2025 2507 2075 nobis

1437 2116 1540 2152 nou
1579 2100 1895 2165 imposuere)
1936 2101 1989 2150 id
2034 2104 2247 2152 sceleris
2291 2104 2507 2169 proprio
2563 2106 2572 2116 ⁶

1438 2176 1645 2229 nomine
1678 2193 1781 2229 non
1817 2179 2111 2242 dignantur.
2174 2180 2337 2230 Seeus
2367 2180 2510 2242 olim,

1438 2271 1557 2306 cum
1597 2254 1825 2304 nondum
1860 2250 2055 2305 Christi
2097 2252 2257 2306 sacris
2295 2256 2508 2316 initiati,

1438 2328 1646 2393 flagitiis
1667 2330 1973 2383 immanibus
2007 2330 2217 2380 obnoxii
2253 2322 2512 2381 vivebant.

1441 2408 1641 2457 Noster
1684 2407 1856 2472 plane,
1897 2422 2086 2472 corpore
2126 2407 2358 2469 infames.-
2423 2407 2510 2456 eui

1441 2483 1665 2548 (praeter
1704 2483 2017 2535 Strabonem
2070 2484 2160 2549 qui
2214 2490 2395 2549 aperte
2443 2485 2512 2534 de

1444 2560 1634 2626 Gallis)
1656 2561 2001 2624 astipulantur
2025 2559 2356 2622 Aristoteles,
2380 2559 2514 2613 Dio·

1445 2635 1619 2697 dorus,
1640 2635 1926 2686 Athenaeus
1950 2653 1965 2686 z
1998 2636 2144 2700 ‘quos
2167 2650 2345 2685 omnes
2369 2635 2513 2700 loqui

1444 2707 1512 2761 de
1533 2712 1699 2762 Gallis
1721 2726 1826 2761 non
1850 2712 2080 2775 planum,
2103 2728 2199 2762 nec
2222 2711 2381 2763 facile
2398 2706 2516 2776 pro·

1444 2790 1603 2840 batn:
1646 2786 1766 2839 na'm
1789 2789 1993 2840 Graecis
2016 2782 2513 2838 nomineCeltarum

1445 2867 1696 2919 Germani
1751 2873 2045 2916 censentur.
2146 2867 2379 2916 Couatur
2434 2865 2515 2916 vir

1445 2943 1657 2993 doctiss.
1681 2943 1763 2992 hic
1801 2948 1855 2992 et
1896 2942 1946 2990 in
1979 2940 2224 2991 secundis
2265 2942 2402 2992 curis
2428 2942 2516 3005 pio

1445 3028 1635 3072 conatu
1657 3037 1800 3071 suam
1826 3016 2033 3086 gentem
2068 3021 2134 3070 ab
2170 3014 2234 3071 e'a
2263 3027 2386 3070 nota
2411 3020 2519 3069 vin-

1446 3099 1639 3150 dicare.
1700 3100 1902 3149 Vellem
1921 3099 2135 3164 pulchre
2159 3090 2519 3163 processisset,

1444 3177 1538 3224 sed
1575 3177 1685 3225 siue
1725 3177 2066 3240 castigatione
2100 3176 2387 3238 substituit,
2420 3179 2519 3223 tor·

1444 3266 1558 3315 pore
1581 3251 1801 3313 infiames,
1819 3267 1915 3301 nec
1936 3251 2092 3301 finem
2116 3251 2200 3300 hie
2223 3250 2381 3300 fecit:
2433 3265 2522 3300 ve-

1449 3341 1560 3375 rum
1597 3327 1651 3374 id
1692 3342 1897 3391 quoque
1932 3327 2079 3375 verbi
2116 3327 2252 3390 apud
2290 3325 2520 3376 Gellium

1450 3416 1572 3451 xlx.
1614 3406 1692 3451 12.
1734 3399 1958 3461 suffecit,
2000 3401 2087 3451 ubi
2135 3401 2279 3449 nobis
2321 3398 2522 3451 invidet

1447 3475 1820 3540 lepidissimum
1867 3476 2093 3540 auctoris
2114 3474 2366 3524 sensum:
2427 3471 2522 3523 se'd

1448 3555 1680 3618 legamus
1703 3568 1766 3601 ea
1790 3553 2094 3615 ipsa.verba
2130 3552 2182 3601 iu
2219 3566 2409 3615 corpore
2444 3546 2521 3614 ig·-

1450 3645 1586 3678 noeooe
1618 3632 1666 3679 'et
1700 3629 1838 3694 quasi
1875 3634 2106 3678 enervam»
2140 3629 2252 3678 vitoe
2283 3642 2525 3677 consenes-

1451 3713 1584 3757 cunt.
1651 3706 1898 3771 Apathiae
1938 3715 2224 3757 sectatores
2263 3707 2361 3773 (ait
2398 3704 2523 3754 Gel-

1451 3784 1579 3850 lius)
1598 3786 1840 3835 videntur
1862 3786 2055 3835 habere
2076 3798 2262 3849 corpus
2286 3782 2396 3831 sine
2417 3782 2527 3830 aui'·

1455 3878 1559 3922 ma,
1577 3863 1687 3911 sine
1711 3863 1852 3911 vita:
1905 3870 2007 3910 non
2033 3862 2168 3911 euim
2190 3861 2384 3921 dolent,
2419 3873 2523 3913 non

1457 3940 1722 4000 laetautur,
1740 3952 1838 3986 nou
1846 3939 2066 3995 timent,
2087 3951 2188 3984 nou
2212 3937 2311 3984 iras
2292 3940 2525 3987 «cuntur.

1458 4017 1719 4066 Caeterum
1766 4029 1827 4063 ea
1873 4029 2006 4063 nunc
2052 4013 2336 4062 refellenda
2385 4018 2525 4081 sunt²

1458 4093 1640 4158 quibus
1664 4092 1750 4140 ille
1787 4092 1935 4139 nixus
1960 4093 2172 4152 vulgata
2209 4080 2525 4153 profligavit.
2530 4081 2554 4097 ‘⁴

1463 4167 1675 4219 Profert
1697 4181 1762 4215 ex
1787 4167 2112 4218 Quintiliano
2135 4160 2291 4215 Decl.
2326 4169 2375 4214 4.
2409 4166 2425 4194 ‘
2450 4162 2527 4215 ni-

1460 4245 1555 4291 hil
1566 4244 1671 4293 tale
1703 4256 1895 4291 novere
1916 4241 2163 4291 Germani
2203 4250 2261 4291 et
2297 4240 2527 4290 sanctius

1463 4321 1625 4386 apud
1647 4320 1922 4379 Oceanum
1965 4316 2195 4369 vivitur?
2260 4312 2383 4371 'Sed
2415 4317 2533 4369 haee
