3009 4942
1037 438 1074 483 'e‘
1087 440 1433 491 GBRRAN.

341 593 478 645 flua
507 584 754 661 ‹sequitan-
791 592 860 648 de
888 597 1257 648 adulteriorum
1280 598 1407 648 rari-

275 706 281 711 -
343 674 634 723 mesiam}
674 682 732 724 et
770 689 938 738 poena.
1005 676 1113 725 Cur
1132 676 1406 725 autembis

339 758 529 801 unctor
566 752 851 815 interponit
891 749 1094 803 litam?
1149 752 1405 802 Nimirum

260 814 272 826 '
345 827 468 892 qnia
488 828 648 878 etiam
687 829 852 878 literis
873 831 1078 879 occidte
1098 830 1231 878 ultro
1252 830 1406 880 citro·

345 917 447 968 que
469 905 635 954 missis
658 907 918 969 corrumpi
958 905 1182 956 foeminae
1217 907 1406 957 solent.

343 980 463 1031 ‘Nec
501 981 674 1032 obstat
711 983 1016 1033 vocabulum
1049 989 1245 1046 secretu,
1271 987 1353 1047 &a
1374 983 1405 1014 ³

343 1058 694 1122 Ber-aem
741 1061 860 1112 Hoc
882 1062 1245 1111 vult'l'acitns:
1267 1060 1406 1111 Scri·-

343 1135 466 1185 bere
497 1151 561 1186 ac
585 1152 681 1200 per
709 1138 954 1201 epistolas
976 1144 1219 1202 sinpeeta
1233 1150 1405 1188 secre-

341 1219 399 1263 ta
438 1212 620 1263 fovere
669 1225 829 1278 atque
866 1228 1115 1264 exercere
1151 1216 1405 1265 nesciunt.

339 1287 621 1339 Suetonius
660 1291 727 1340 de
751 1290 924 1353 Nicia,
976 1294 1078 1342 διο.
1111 1290 1139 1320 “
1219 1291 1404 1341 Grono-

411 1446 682 1511 Adalteria]
700 1447 788 1497 Sic
807 1447 947 1511 apud
969 1446 1403 1497 Lacedoemonios.

339 1521 514 1573 Multa
531 1523 662 1573 adeo
680 1524 840 1573 nostri
857 1524 1079 1589 majores
1093 1522 1159 1572 de
1176 1522 1402 1572 moribus

336 1597 708 1664 Spartanorum
731 1601 983 1650 retulere.
1021 1601 1233 1650 (ΐοισιν.

339 1680 348 1687 “
405 1676 593 1725 decisis
609 1675 840 1741 crinibus]
855 1676 884 1705 ·
901 1690 997 1741 per
1013 1676 1153 1726 vicos
1177 1675 1404 1726 vicinan-

337 1754 420 1804 tes
435 1753 595 1818 ipsius
611 1754 746 1804 loci!
781 1754 968 1804 Paullo
989 1755 1141 1804 aliam
1164 1761 1220 1804 et
1241 1755 1403 1820 magis

338 1838 532 1897 saevam
557 1831 816 1882 Adulterii
850 1846 1054 1897 poenam
1079 1833 1260 1883 tribuit
1274 1835 1403 1898 pris·

337 1909 415 1960 cis
459 1909 749 1960 Saxonibus
785 1909 1085 1960 Bonifacius
1109 1910 1403 1975 Arcbiepis-

336 1998 520 2050 copus,
543 1987 778 2051 Epistola
814 1987 880 2037 ad
912 1985 1277 2037 Ethelbaldum
1302 1988 1405 2037 An-

338 2064 539 2129 glorum
563 2063 794 2128 Regem:
838 2065 856 2093 ‘
871 2063 935 2113 Ῑιι
951 2064 1197 2128 antiqua‚’
1218 2064 1408 2129 inquit,

337 2142 355 2170 ⁴
375 2141 619 2202 Saxonis,
662 2140 753 2191 ubi
775 2141 918 2191 nulla
940 2141 1133 2191 Christi
1155 2140 1404 2204 cognitio,

279 2224 288 2233 '
339 2219 385 2268 si
408 2217 554 2282 virgo
570 2218 624 2267 in
644 2223 879 2268 materna
897 2217 1072 2278 domo,
1093 2217 1177 2266 vel
1199 2215 1403 2266 marita·

338 2303 397 2347 ta
418 2296 513 2346 sub
548 2297 767 2361 conjuge
795 2295 867 2345 sit
891 2294 1180 2344 adulterata
1198 2311 1215 2344 ι
1247 2306 1401 2343 manu

337 2373 551 2440 propria
587 2373 960 2437 strangulatam
1005 2377 1240 2421 cremant
1262 2371 1295 2420 ε’
1324 2372 1403 2436 (et

339 2451 490 2501 addit
513 2449 650 2517 qnod
670 2450 772 2499 huc
793 2450 955 2513 magis
977 2446 1131 2513 facit)
1147 2446 1167 2475 ‘
1187 2454 1275 2497 ant
1293 2448 1400 2498 cin·

338 2530 460 2595 gulo
493 2534 646 2578 tenus
689 2526 925 2578 vestibus
964 2522 1204 2575 abscissis
1219 2523 1401 2590 flagel-

333 2607 450 2656 lant
470 2620 585 2656 eam
626 2611 787 2656 castoe
819 2609 1090 2666 matronae,
1112 2609 1169 2653 et
1184 2602 1253 2652 de
1273 2603 1402 2653 villa

336 2682 389 2734 in
413 2684 586 2733 villam
627 2683 798 2731 missae
825 2687 1107 2730 occurrunt
1138 2694 1286 2730 novae
1310 2677 1399 2729 fla·

338 2761 616 2827 gestantes,
647 2764 705 2807 et
726 2756 948 2807 cultellis
970 2761 1205 2820 pungunt
1233 2755 1400 2806 donec

338 2834 674 2888 interimant!
726 2835 934 2899 Lipsius.

347 2914 353 2919 '
402 2913 668 2963 Publia-uta
687 2911 813 2961 enirn
840 2907 1113 2974 pudicitia]
1167 2908 1398 2961 Doctiss.

336 2989 417 3039 vir
435 2990 630 3053 accipit
652 2988 718 3037 de
740 2988 942 3050 scortis,
957 2993 1014 3036 et
1030 2987 1176 3052 legit,
1189 2986 1398 3050 publica·

335 3068 424 3117 ἕω·
445 3066 592 3116 etium
627 3065 894 3129 pudicitia,
933 3079 1036 3115 non
1071 3079 1152 3114 me
1188 3065 1400 3130 applan-

334 3146 527 3196 dente:
564 3158 680 3192 nam
705 3143 861 3193 etiam
900 3142 1039 3205 apud
1068 3143 1196 3192 alias
1214 3150 1401 3207 gentes

338 3234 475 3287 aegre
497 3220 741 3272 meretrix
764 3219 940 3269 virum
960 3219 1234 3270 invenerit.
1301 3221 1401 3270 Re-

332 3299 553 3351 ferenda
587 3298 748 3363 igitur
776 3302 899 3346 sunt
916 3295 982 3345 ad
1004 3297 1236 3358 maritas,
1252 3299 1348 3347 stc.
1367 3296 1399 3328 *

336 3380 401 3429 ea
467 3377 604 3441 lege,
668 3372 913 3424 tenetur.⁹
988 3374 1155 3425 Quam
1217 3373 1400 3424 nibilo-

333 3448 504 3505 inimus
536 3451 709 3515 sperni
735 3446 948 3501 ‘solitam
989 3448 1399 3513 Satyrographus

336 3531 513 3581 docet.
549 3529 657 3578 Sat.
695 3541 761 3576 ιι.
809 3526 825 3555 ‘
848 3527 965 3576 Non
1022 3525 1144 3575 tulit
1185 3540 1252 3575 ex
1295 3525 1399 3576 illis

336 3610 541 3659 torvum
561 3603 785 3654 Laronia
802 3600 1057 3667 quendam
1079 3601 1400 3652 clamantem

336 3680 516 3747 toties,
553 3682 657 3734 Ubi
680 3694 819 3730 nunc
851 3681 940 3729 lex
957 3679 1130 3731 Julia?
1168 3677 1399 3729 dormis?

335 3760 440 3812 Vel
458 3762 600 3825 legas
621 3774 635 3808 ι
665 3756 920 3822 publicato:
937 3755 1061 3806 euim
1072 3755 1399 3819 impudicitia.

334 3826 533 3891 Ansam
557 3836 692 3887 enim
727 3833 1045 3896 corruptioni
1081 3831 1207 3882 dare
1231 3833 1401 3896 potuit

332 3917 520 3968 ultima
540 3912 741 3978 syllaba
768 3911 1024 3960 rofienim:
1058 3909 1237 3959 eadem
1261 3911 1398 3960 enim

334 4003 454 4045 cum
476 3991 644 4056 prima
678 3989 765 4037 τοῦ
798 3985 1109 4051 impudicitioe
1134 4000 1289 4052 quum
1314 3988 1400 4052 sit,

334 4068 628 4131 exscriptor
681 4070 942 4130 postrema
994 4064 1119 4113 enim
1166 4072 1397 4124 exarata,

333 4144 562 4199 eredidit
583 4143 743 4193 etiam
765 4156 819 4191 se
854 4141 1070 4205 primam
1086 4140 1399 4204 impudicitioe

285 4224 300 4235 ⁶
332 4224 654 4276 delineasset
693 4232 845 4270 semu
874 4232 998 4270 vero
1030 4218 1082 4268 iu
1103 4217 1242 4269 idem
1269 4219 1400 4269 recl·

335 4298 433 4353 dita
483 4296 766 4351 Sunnerias.

1685 428 1833 492 la·r
2368 414 2547 498 {tw

1552 597 1690 650 Vitia
1731 597 1880 664 ridet]
1932 596 2114 652 Ratio'
2145 615 2238 652 cur
2291 592 2545 656 adulter&

1481 675 1622 725 viros
1658 691 1758 726 non
1799 676 2093 728 inveniant:
2128 692 2229 728 non
2253 676 2546 732 enimGer·

1481 753 1621 802 mani
1645 753 1899 803 adulteria
1922 769 2109 819 suisque
2133 754 2297 819 deque.
2319 756 2543 809 habent:

1481 828 1573 877 sed
1600 830 1866 894 praecipue
1900 830 2245 881 detestantur.
2316 832 2433 883 Hac
2456 849 2547 884 an-

1480 911 1587 954 tem
1612 905 1987 957 Germanornm
2022 908 2174 957 laude
2194 910 2406 960 Tacitus
2446 908 2549 962 Ro·-

1477 994 1659 1031 manos
1683 982 1888 1048 oblique
1911 985 2173 1049 suggillat,
2189 987 2277 1050 qui
2294 986 2559 1045 adulteris·

1477 1065 1539 1108 et
1581 1070 1797 1124 nequam
1841 1061 2135 1110 hominibus
2177 1060 2377 1127 flagitia
2414 1065 2542 1133 vitiu

1478 1148 1583 1185 non
1607 1136 1826 1186 dabant:
1864 1138 2012 1202 quasi
2033 1151 2217 1188 natura
2235 1140 2395 1190 seculi
2418 1138 2545 1191 talia

1477 1211 1673 1263 ferret:
1708 1216 1758 1262 in
1779 1230 1877 1279 quo
1918 1215 2071 1265 etiam
2111 1231 2284 1266 errore
2306 1222 2542 1268 versatus

1477 1297 1560 1341 est
1603 1290 1765 1341 Nero.
1802 1293 1951 1343 Suet.
1991 1297 2073 1343 29.
2122 1297 2139 1322 ⁸
2165 1294 2245 1343 Ex
2288 1295 2543 1346 nonnullis

1477 1367 1706 1431 comperi
1722 1369 2158 1430 persuasissimum
2172 1368 2409 1421 babuisse
2423 1360 2542 1422 eum

1476 1445 1735 1494 neminem
1756 1442 2015 1494 bominem
2053 1446 2295 1510 pudicum
2322 1453 2412 1497 aut
2432 1448 2543 1497 ulla

1476 442 1570 491 CA
1580 442 1643 490 1³.

1444 1521 1711 1584 ¹eorporis
1749 1528 1901 1585 parte
1938 1536 2124 1585 purum
2165 1537 2309 1573 esse:
2361 1536 2542 1575 verum

1477 1597 1755 1663 plerosque
1780 1598 2111 1649 dissimulare
2123 1601 2301 1651 vitium
2327 1609 2383 1654 et
2402 1603 2544 1654 calli-

1476 1673 1646 1726 ditate
1689 1674 1973 1742 obtegere!
2037 1676 2104 1727 Τὸ
2154 1693 2449 1745 corrumpere
2487 1688 2545 1732 et

1475 1753 1716 1816 mamm·
1764 1753 1853 1803 hic
1903 1753 1968 1802 ad
2019 1756 2275 1806 adulteria
2322 1750 2544 1822 tantum,

1478 1828 1800 1892 alibilatius‚
1824 1831 2142 1881 extenditur.
2201 1831 2338 1884 Ann.
2362 1834 2398 1884 1.
2423 1847 2541 1885 xlv.

1475 1905 1492 1934 ⁴
1516 1906 1594 1955 Ut
1618 1908 1753 1971 quod
1794 1923 2009 1973 usquam
2054 1911 2314 1973 corrumpi
2352 1917 2407 1961 et
2434 1910 2547 1963 cot-⁴,

1476 1983 1720 2046 rumpere
1773 1993 1948 2048 queat,
2001 1987 2054 2035 in
2111 1987 2237 2036 urbe
2308 1988 2542 2051 visaturss

1479 2058 1761 2109 Suliaerius.
1842 2061 2043 2110 Seneca
2076 2062 2143 2110 de
2185 2064 2372 2128 Tranq.
2416 2065 2541 2133 vitm

1476 2135 1514 2185 1.
1536 2148 1577 2184 ι.
1609 2137 1627 2165 ‘
1652 2135 1705 2185 iu
1728 2137 1827 2187 hoc
1851 2138 2031 2202 itaque
2065 2134 2315 2189 flectendi
2349 2146 2542 2207 sumus,

1476 2217 1537 2260 ut
1556 2213 1728 2261 omnia
1748 2213 1890 2278 vulgi
1913 2213 2039 2263 vitia
2063 2226 2162 2263 non
2186 2216 2355 2265 invisa
2376 2212 2544 2282 nobis‘,

1474 2287 1566 2338 sed
1590 2288 1810 2339 ridicula
1830 2290 2138 2342 videantur.⁹
2199 2294 2408 2344 Ceteras.
2523 2352 2529 2359 ,

1544 2368 1649 2417 Nec
1665 2383 1960 2432 corrumpere
1997 2374 2044 2419 et
2084 2372 2318 2436 corrumpi
2337 2374 2545 2424 seculum

1474 2444 1691 2508 οοοειιιιν]
1723 2447 1932 2497 Quanto
1969 2448 2248 2498 sanctiores
2284 2446 2428 2498 fuere
2452 2448 2542 2500 ιιοὲ

1476 2520 1555 2569 bis
1573 2521 1791 2571 ethnici!
1831 2523 1966 2571 Nam
1988 2530 2173 2587 quotus
2214 2524 2426 2590 quisque
2450 2526 2542 2577 bo-

1471 2595 1562 2644 die
1585 2598 1664 2646 vel
1689 2597 1817 2647 vitia
1850 2610 1952 2648 nou
1975 2599 2130 2662 ridet,
2161 2603 2243 2650 vel
2268 2608 2540 2666 quantum·

1473 2676 1557 2724 vis
1589 2675 1885 2724 enormibus
1919 2673 2127 2740 flagitiis
2165 2692 2265 2728 non
2290 2680 2542 2742 praetexit

1472 2751 1622 2813 illud,
1667 2752 1753 2805 Sic
1771 2754 1972 2803 seruum
2006 2759 2092 2803 est.
2158 2754 2215 2804 si
2237 2755 2348 2819 quis
2370 2754 2542 2807 aliena

1472 2828 1802 2879 matrimonia
1829 2831 2263 2880 contaminantem
2289 2839 2380 2882 ant
2400 2832 2543 2898 puel·

1474 2904 1537 2954 lis
1558 2905 1864 2956 illudentem
1903 2906 2134 2971 damnet,
2168 2910 2344 2958 statim
2376 2909 2542 2974 audit,

1474 2982 1560 3033 Sic
1598 2984 1802 3034 seculum
1839 2989 1927 3035 est.
1992 2985 2049 3035 Si
2082 2985 2247 3037 bonus
2281 2987 2360 3038 vir
2382 2989 2541 3053 pessi,-

1474 3074 1609 3113 mam
1654 3064 1805 3114 istam
1850 3067 2066 3130 potandi
2115 3068 2542 3119 consuetudinem

1473 3141 1845 3206 reprehendat,
1861 3156 1983 3193 mox
2005 3142 2173 3207 adest,
2190 3143 2278 3208 qui
2301 3150 2541 3208 excuset,

1473 3219 1595 3281 quod
1614 3219 1688 3268 sie
1720 3220 1856 3269 hodie
1871 3222 2071 3270 uratum
2090 3222 2175 3271 sit.
2242 3221 2295 3271 Si
2318 3223 2429 3288 quis
2450 3224 2543 3273 im-

1474 3293 1667 3358 probet
1704 3308 1916 3360 monem,
1937 3310 2038 3361 qno
2074 3297 2296 3360 juvenes
2331 3298 2384 3347 in
2409 3298 2542 3348 mili-

1474 3371 1599 3420 tiam
1619 3378 1816 3420 temere
1834 3371 2246 3435 proficiscuntur,
2264 3376 2329 3422 ad
2344 3376 2539 3428 nullum

1472 3460 1578 3497 non
1600 3446 1771 3495 scelus
1784 3447 2092 3510 patrandum
2110 3449 2402 3512 erudiendi,
2418 3451 2540 3504 hnic

1471 3534 1595 3572 mox
1618 3521 1843 3586 dicetur,
1876 3523 1964 3575 Sic
1984 3525 2186 3574 seculum
2208 3530 2294 3576 est.
2344 3527 2402 3577 Si
2425 3526 2541 3595 quis

1471 3599 1689 3649 miretur
1712 3601 2041 3652 sacerdotum
2071 3602 2125 3651 in
2149 3603 2386 3668 parandis
2408 3620 2542 3670 ιιι-αε-

1472 3676 1659 3728 bendis
1711 3678 2181 3744 insatiabilitatem,
2234 3682 2402 3747 audit,
2454 3666 2541 3734 Sic

1469 3757 1673 3806 secahm
1689 3760 1779 3807 est.
1843 3756 1897 3807 Sl
1921 3758 2037 3823 quis
2056 3758 2382 3809 immodicum
2403 3774 2540 3812 mor·

1472 3833 1654 3884 talium
1697 3833 1926 3884 studium
1962 3835 2013 3884 in
2051 3836 2287 3898 parandis
2325 3835 2539 3899 divitiis,

1471 3926 1503 3976 q
1513 3918 1728 3962 uaestum
1740 3911 2000 3976 illicitum,
2011 3918 2168 3977 atque
2177 3919 2540 3964 contractuum

1471 3991 1799 4055 iniquitatem
1818 3989 2128 4046 detestetur,
2141 3989 2260 4038 buic
2276 3997 2539 4055 tamquam

1471 4069 1724 4118 nescienti
1746 4065 2074 4130 allegabitur,
2092 4065 2177 4115 Sic
2198 4082 2318 4116 nuuc
2336 4067 2540 4119 seculum

1470 4151 1558 4195 est.
1626 4144 1690 4194 In
1734 4158 1953 4204 summa,
1991 4142 2143 4192 nullis
2188 4154 2291 4193 non
2335 4143 2541 4213 erratis,

1470 4220 1737 4287 nequitiis,
1755 4219 2072 4283 criminibus,
2093 4218 2439 4286 obtendimus,
2453 4219 2539 4271 δῖε

1471 4299 1678 4355 seculum
1698 4303 1789 4350 est.
1853 4296 2150 4348 Dissimiles
2182 4296 2358 4363 igitur.
2375 4291 2540 4384 majo}
