3009 4942
794 413 942 463 mn.
990 412 1103 464 ιι-ι.
1149 411 1316 464 car.
1359 398 1469 464 54.
1501 412 1953 466 summust.

266 554 360 608 lib.
400 571 452 608 v.
488 554 507 585 ‘
530 569 628 606 nec
669 556 784 608 sisti
821 556 1061 622 poterat!
1128 557 1201 607 Et
1233 554 1339 606 for·

259 641 407 690 ,tasse
455 649 487 687 a
529 634 676 684 Livio
719 635 957 697 sumpsit,
998 634 1087 698 qui
1127 633 1216 684 lib.
1250 636 1344 685 111.

267 710 378 763 ait:
413 711 428 738 ‘
454 725 555 760 non
580 711 655 761 ita
676 710 947 763 civitatem
978 725 1168 775 aegram
1204 723 1339 773 esse,

259 795 328 843 ,nt
351 789 615 839 consuetis
637 789 877 843 remediis
895 790 1004 841 sisti
1024 787 1220 853 possit.’
1253 789 1340 845 Pi,-

261 868 432 927 pkenu.
500 866 636 916 Vide
659 874 836 917 nostra
859 867 926 917 ad
965 867 1169 918 Livium
1204 867 1238 916 l.
1263 880 1341 918 iv.

268 949 353 997 12.
427 944 709 1006 Gronovius.

263 1068 272 1075 .
337 1022 472 1073 Num
510 1022 730 1072 coercitio
761 1024 869 1085 plus
906 1020 1067 1072 damni
1103 1021 1155 1071 in
1193 1035 1341 1086 remp»

257 1097 444 1162 smel]
478 1097 744 1150 Quaeritur
778 1113 871 1150 cur
908 1099 1059 1148 luxus
1098 1096 1344 1155 coErcitio

266 1176 442 1242 majus
459 1175 702 1227 damnum
720 1177 850 1240 reip.
868 1174 1072 1237 afferat,
1092 1190 1210 1226 cum
1227 1191 1345 1229 cou-

263 1261 375 1317 ,ιι-ι,
396 1253 554 1319 idque
592 1255 824 1318 plurimis
855 1254 1163 1318 rationibus,
1185 1253 1346 1304 utilis·

267 1334 407 1382 sima
432 1331 686 1383 videatur.
752 1331 1063 1398 Respondet
1100 1333 1212 1396 ipse
1250 1331 1345 1385 'Pae

270 1409 412 1461 citus
436 1408 604 1460 infra:
641 1409 731 1460 ‘Si
772 1412 883 1474 quis
921 1411 1092 1474 legem
1127 1409 1346 1471 sanciat,

270 1502 455 1552 poeuas
494 1487 713 1550 indicat,
756 1488 911 1537 iidem
954 1488 1032 1537 illi
1080 1487 1348 1538 civitatem

271 1563 431 1628 verti,
451 1564 869 1645 splendidissimo
906 1565 1093 1630 cuique
1131 1564 1348 1619 exitium

269 1642 470 1706 parari,
507 1624 765 1692 neminem
803 1641 1032 1693 criminis
1076 1646 1348 1706 expertem

272 1718 656 1771 clamitabunt)
719 1719 948 1770 Pichena.

332 1799 470 1851 CAe.
484 1802 569 1848 53.
602 1797 714 1857 Vin,
728 1796 937 1860 strenui]
955 1794 1221 1860 Plerique,
1236 1794 1349 1844 dili·

278 1880 485 1940 gentes,
508 1880 601 1925 aut
622 1875 747 1940 quid
769 1874 965 1925 simile:
1002 1882 1261 1940 tamquam
1286 1888 1349 1925 eo

279 1953 655 2017 respiceretur,
674 1953 809 2017 quod
845 1953 899 2002 in
942 1952 1350 2005 administrando

280 2029 603 2095 Magistrum
640 2044 733 2080 suo
777 2037 1013 2089 strenuos
1058 2046 1116 2081 se
1153 2031 1353 2095 praebe-

280 2114 418 2158 rent.
484 2107 591 2157 Sed
625 2107 787 2173 magis
821 2115 921 2169 est,
957 2115 1015 2159 ut
1052 2109 1183 2159 citra
1216 2108 1353 2163 hunc

282 2191 574 2249 aspectum,
601 2184 779 2236 titulus
811 2186 911 2237 iste
934 2186 1011 2235 his
1036 2176 1354 2249 temporibus

281 2260 434 2326 liujus
473 2267 534 2311 et
575 2263 716 2326 paris
751 2261 1024 2326 dignitatis
1066 2261 1356 2313 bominibus

284 2339 447 2389 tribui
484 2340 832 2390 consueverit.
900 2340 1070 2405 quue
1110 2346 1257 2405 patet
1289 2353 1357 2389 ex

281 2416 590 2481 ‚adjectione
608 2417 722 2481 viri,
741 2419 757 2446 ‘
782 2416 896 2467 Viri
918 2416 1113 2467 streuui
1141 2414 1355 2487 aediles!

284 2493 372 2545 sic
398 2494 511 2545 Cic.
536 2509 629 2557 pro
653 2494 892 2545 Cluentio
913 2510 963 2546 c.
978 2498 1028 2547 8.
1062 2494 1078 2522 ‘
1098 2492 1362 2556 Asturius,

285 2571 364 2625 ‚vir
380 2569 558 2635 fortis,
579 2577 636 2622 et
662 2572 956 2636 experiens,
976 2578 1033 2622 et
1054 2570 1195 2620 domi
1217 2570 1361 2620 nobi·

284 2646 389 2712 ijs!
459 2648 639 2713 Atque
675 2649 814 2699 idem
852 2650 976 2699 alibi
1013 2648 1029 2677 ‘
1053 2650 1236 2699 Virum
1259 2646 1363 2697 for·

289 2731 399 2781 tem
422 2741 490 2776 ac
521 2727 803 2778 strenuum’
838 2730 897 2780 C.
922 2730 1179 2779 Caesarem
1204 2727 1363 2779 nomi·

290 2809 399 2869 nat.
467 2804 590 2855 Jam
632 2811 741 2855 tum
785 2806 938 2857 ‚enim
975 2805 1140 2870 cepit,
1180 2805 1364 2856 sobriis

292 2882 503 2949 quidem
528 2889 585 2934 et
607 2884 911 2935 verecundis
939 2884 1258 2949 primordiis,
1278 2883 1368 2935 illa

294 2959 568 3023 titulorum
603 2960 822 3023 luxuria,
853 2976 970 3025 quae
993 2967 1198 3025 postea,
1221 2968 1278 3010 ut
1301 2974 1366 3013 ex

285 3034 528 3098 'historiae
550 3034 801 3101 Augustas
826 3037 1166 3103 scriptoribus
1202 3037 1368 3088 libris·

251 3108 260 3119 ⁴
299 3126 401 3178 que
437 3112 577 3177 J‘uris
612 3120 837 3178 constat,
874 3114 1178 3166 immensum
1216 3121 1368 3164 aucta

298 3200 399 3255 est,
444 3198 742 3257 nostraeque
785 3194 918 3245 adeo
972 3197 1137 3258 aetati,
1176 3195 1371 3249 amissis

300 3268 604 3334 ereptisque
640 3271 842 3334 pridem
888 3271 1064 3333 rebus,
1106 3271 1371 3335 ingentem

299 3344 530 3397 inanium
562 3346 930 3398 vocabulorum
968 3349 1264 3399 thesaurum
1290 3363 1370 3399 re·

303 3420 473 3486 liquit.
541 3421 908 3477 Freinshemius.

367 3498 676 3549 promiscuas
710 3500 831 3552 viris
871 3507 921 3552 et
947 3501 1148 3562 feminis
1200 3503 1374 3567 vestes]

308 3576 337 3609 ⁴*
360 3575 523 3625 Plura
544 3583 665 3641 pete
686 3590 716 3627 e
736 3578 900 3629 Clem.
924 3580 1205 3631 Alexandr.
1228 3581 1266 3631 l.
1288 3593 1375 3631 ιιι.

309 3654 526 3721 Ρωάεις.
562 3672 606 3707 c.
638 3661 687 3708 3.
722 3659 867 3723 cujus
906 3658 1083 3721 iudex,
1113 3657 1229 3722 arpos
1265 3655 1377 3707 τοὺς

310 3732 752 3797 καλλωπιζομένους
771 3737 868 3799 τῶᾳ
886 3735 1078 3799 ἀνδρῶν.
1145 3734 1355 3799 Lipsius.

375 3810 679 3861 Promiscuas
724 3811 869 3876 viris]
933 3813 1072 3864 Vide
1127 3813 1380 3865 Senecam

313 3887 466 3952 epist.
487 3891 599 3938 123.
617 3895 672 3937 et
689 3889 1011 3941 Clementem
1032 3890 1067 3939 1.
1085 3902 1172 3939 ιιι.
1191 3889 1380 3940 Paeda-

317 3965 450 4029 gogi.
517 3966 756 4021 Muretus.

378 4043 615 4107 Lepidum
653 4059 815 4097 caussa
848 4044 1082 4111 pqcurtioe]
1136 4045 1381 4095 Gemmas

316 4118 593 4183 intellegit.
625 4126 681 4169 et
709 4121 945 4184 inprimis
980 4120 1225 4185 uniones:
1260 4134 1383 4185 quo-

321 4210 431 4250 rnm
464 4195 672 4247 feminis
703 4197 770 4247 ad
805 4198 1015 4248 inaures
1039 4197 1223 4247 creber
1244 4211 1384 4246 usus.

317 4270 698 4329 videssxcum.
721 4273 769 4324 Ι.
805 4312 810 4319 .
834 4273 1063 4338 Lipsius.

1412 555 1575 608 Patet
1594 557 1747 608 vitain
1768 573 1878 623 pop.
1904 559 2046 611 Rom.
2067 554 2320 624 appellari
2345 575 2486 613 eom·

1413 640 1640 697 meatus,
1661 634 1851 698 quibus
1872 634 1963 684 illa
1980 635 2349 701 sustinebatur,
2372 637 2485 702 qni-

1416 727 1518 776 que
1557 726 1623 760 ex
1664 711 2020 761 transmarinis
2056 713 2337 776 provinciis
2361 714 2488 767 Sici·

1416 789 1506 851 lia,
1540 788 1788 852 AEgypto‚
1825 786 2010 838 Afric-a
2048 788 2484 843 subvebebantur.

1417 865 1786 916 Freinshemius.

1482 941 1765 992 Simultates
1787 941 2006 1007 fuciunt]
2054 945 2165 997 Jos.
2195 946 2486 1012 Mercerus,

1407 1017 1642 1083 fugiunt.-
1678 1025 1734 1071 at
1767 1034 1863 1084 ego
1887 1022 2097 1083 jaciunt,
2120 1035 2297 1072 verum
2337 1029 2487 1088 puto.

1420 1096 1628 1147 Semina
1658 1097 1975 1150 simultatum
2011 1100 2084 1149 ilii
2114 1108 2386 1165 spargunt,
2405 1115 2488 1151 me

1420 1176 1603 1227 ‚volunt
1621 1176 1870 1241 colligere
1886 1177 2097 1231 acerbos
2117 1177 2328 1229 fructus.
2351 1177 2380 1207 ⁴*
2395 1178 2490 1228 Ni·

1420 1253 1490 1305 hil
1529 1253 1737 1320 quidem
1771 1268 1907 1307 nuuc
1943 1263 2136 1318 actum,
2169 1255 2378 1306 Tacitus
2417 1256 2493 1307 ita

1422 1333 1564 1382 clare
1594 1331 1743 1395 dicit,
1771 1339 1827 1382 et
1858 1338 1977 1396 post
2012 1332 2296 1384 orationem
2330 1334 2492 1384 etiam

1423 1409 1679 1472 ostendit,
1701 1416 1760 1461 ut
1781 1410 2036 1460 calumnia
2067 1410 2135 1461 sit
2159 1411 2313 1460 aliter
2335 1411 2497 1460 inter-

1423 1486 1640 1552 pretari.
1708 1487 1778 1536 Et
1811 1502 1929 1552 age,
1965 1487 2239 1537 dissentiat
2261 1502 2291 1536 a
2312 1487 2496 1538 Sueto·

1423 1564 1545 1615 nio:
1582 1579 1648 1614 an
1672 1579 1841 1614 rarum
1864 1565 1979 1615 est?
2043 1565 2254 1628 Lipsius.

1429 1686 1438 1692 .
1489 1641 1773 1691 Simultates
1815 1640 2033 1703 fuciunt,
2081 1657 2137 1690 αι·
2180 1642 2297 1693 mihi
2353 1642 2497 1692 relin-

1424 1718 1599 1786 quiunt]
1647 1720 1860 1770 Curiose
1900 1719 2182 1784 inquirenti
2218 1720 2337 1769 mihi
2373 1721 2496 1771 olim

1424 1799 1478 1849 in
1516 1799 1651 1847 hanc
1689 1797 2016 1861 seutentiam,
2046 1797 2211 1849 visum
2237 1797 2500 1863 mendum,

1428 1882 1483 1926 et
1521 1874 1733 1940 probavi
1771 1873 1971 1924 doctis:
2009 1887 2162 1936 nimo,
2197 1873 2293 1923 nisi
2328 1871 2501 1938 fallor,

1427 1966 1602 2002 veram
1647 1951 1954 2000 medicinam
1988 1951 2113 2001 vidi.
2188 1952 2502 2002 Rescriben-

1427 2030 1570 2092 dum,
1608 2030 1876 2079 simultates
1906 2028 2157 2091 faciendus
2196 2030 2317 2080 mihi
2353 2032 2498 2080 relin-

1428 2110 1594 2171 quunt.
1662 2106 1797 2155 Fons
1827 2105 2000 2156 mendi
2038 2120 2104 2155 ex
2146 2107 2312 2156 veteri
2337 2107 2500 2171 scrip-

1430 2191 1569 2246 tura,
1580 2181 1852 2244 faciundas.
1917 2182 2114 2233 AEdiles
2134 2184 2505 2239 incusaverunt

1429 2263 1611 2312 luxum
1645 2261 1875 2325 generali
1909 2261 2158 2324 oratione,
2180 2261 2503 2328 gloriamque

1432 2355 1498 2390 ex
1540 2356 1603 2391 eo
1641 2341 1768 2404 apti.
1839 2340 2141 2390 Remedium
2183 2341 2232 2391 ei
2271 2343 2406 2391 malo
2448 2342 2504 2392 in

1434 2419 1748 2482 singulorum
1773 2416 2268 2481 correptione,quod
2294 2419 2505 2481 plenum

1435 2495 1642 2546 invidiae
1688 2500 1743 2544 et
1793 2494 2109 2544 simultatum
2163 2496 2382 2544 Senatus
2437 2495 2505 2546 ad

1435 2572 1738 2635 Principem
1772 2571 2044 2622 retulerat.
2111 2571 2211 2620 Ille
2244 2572 2505 2636 ambigua,

1438 2656 1495 2705 ut
1519 2649 1743 2711 solebat,
1766 2649 1999 2699 oratione
2032 2650 2253 2713 primum
2284 2658 2507 2701 excusat

1437 2727 1493 2777 in
1530 2726 1823 2776 universum
1862 2726 2125 2776 emendari
2165 2742 2331 2792 posse.
2398 2727 2507 2779 Sub

1438 2801 1613 2868 finem,
1636 2803 1838 2866 iisdem,
1864 2804 1953 2868 qui
1987 2804 2199 2867 gloriam
2235 2819 2300 2854 ex
2332 2819 2508 2869 repre-

1439 2880 1685 2931 hensione
1706 2880 1949 2930 vitiorum
1970 2882 2333 2946 quaesiverant,
2354 2882 2511 2932 relin-

1440 2959 1558 3023 quit
1591 2957 2004 3015 emendationem
2037 2960 2371 3025 singulorum,
2413 2960 2509 3010 lioc

1441 3042 1545 3097 est,
1564 3036 1829 3085 simultates
1836 3035 2109 3095 faciundas.
2162 3037 2232 3086 Et
2256 3051 2317 3086 ne
2342 3037 2513 3089 eoacti

1444 3111 1735 3174 videantur,
1774 3112 1886 3160 vult
1929 3109 2094 3162 videri
2137 3112 2378 3167 relictum
2417 3115 2514 3163 hoo

1442 3189 1666 3253 ipsorum
1689 3188 1926 3252 arbitri0,
1949 3188 1991 3238 si
2017 3203 2168 3252 pares
2190 3204 2245 3239 se
2270 3189 2516 3254 judicent

1444 3272 1607 3317 tantae
1632 3266 1727 3315 rei.
1752 3265 1781 3295 ⁴*
1832 3267 2096 3316 Meu-erus.
2163 3264 2419 3316 Advolavi
2460 3274 2517 3316 et

1445 3358 1561 3408 ego,
1595 3356 1784 3393 muscae
1808 3357 1970 3405 more,
2003 3342 2068 3392 ad
2099 3343 2242 3394 ulcus
2265 3342 2421 3407 istud,
2460 3351 2519 3393 et

1446 3421 1696 3487 putabam
1717 3420 2004 3470 membrum
2028 3435 2205 3471 sanum
2227 3419 2401 3470 statim
2425 3426 2515 3470 ex'-

1446 3499 1615 3550 hiberi
1636 3512 1808 3563 posse,
1832 3498 2010 3547 recisis
2050 3499 2248 3548 voculis
2281 3498 2411 3551 binis
2433 3497 2519 3558 fu-

1448 3578 1678 3628 ciuntuc:
1714 3591 1891 3627 verum
1922 3576 2031 3641 jam
2064 3576 2177 3626 fero
2213 3577 2517 3641 vulgatum3

1450 3661 1511 3706 ut
1532 3654 1677 3704 dicat
1711 3653 1944 3707 Tiberius
1976 3654 2178 3704 initium
2202 3654 2519 3705 simultatum

1453 3733 1577 3784 oriri
1600 3731 1809 3797 quidem
1833 3732 1897 3785 ab
1925 3732 2192 3782 aedilibns:
2229 3731 2318 3781 sed
2342 3730 2521 3781 excuti

1452 3810 1627 3863 statim
1650 3810 1860 3871 deinde,
1881 3815 1937 3859 et
1965 3792 2236 3861 transferri
2260 3823 2377 3857 cum
2398 3821 2522 3869 aug·

1453 3896 1633 3940 mento
1654 3889 1707 3939 iu
1729 3904 1783 3938 se
1805 3895 2164 3938 exsecutorem
2191 3886 2383 3949 talium.
2448 3885 2524 3935 Si·

1453 3968 1577 4018 mile
1616 3966 1754 4029 huic,
1789 3965 1924 4032 quod
1965 3980 2142 4030 supra,
2179 3962 2318 4015 Ann.
2354 3975 2417 4010 ιι.
2441 3964 2523 4013 38.

1455 4045 1471 4074 ‘
1494 4046 1699 4111 Urget-e
1722 4044 2025 4095 modestiam
2047 4044 2283 4101 Senatus,
2306 4033 2526 4093 eandem

1459 4123 1562 4181 vim
1586 4123 1638 4175 iu
1663 4136 1746 4170 me
1770 4116 2158 4179 transmittere,’
2199 4121 2295 4169 διο.
2335 4115 2525 4166 (ἔναιε-

1457 4215 1558 4253 rus.
1596 4251 1602 4259 ,
1638 4199 1828 4253 Sensus
1864 4195 2092 4257 postulat
2119 4193 2376 4254 faciundas
2409 4190 2529 4243 mihi

1457 4278 1765 4341 relinquunt..
1834 4272 2116 4323 Postulant
2156 4271 2231 4320 illi
2285 4270 2529 4324 Senatus-

387 4349 1394 4418 eu.s4.Vitapopu1iRom.perincerta]
1461 4353 1696 4406 consultu
1726 4350 1900 4403 acria:
1936 4347 2124 4403 deinde
2162 4347 2436 4415 negligunt
2466 4358 2531 4397 ea
