3009 4942
463 535 609 593 inter
658 549 717 586 se
776 546 990 601 regnum
1046 532 1414 601 partiverunt,'
1468 543 1533 588 ut

464 612 718 675 scriptum
749 611 806 662 in
841 613 985 663 Flor.
1010 627 1071 665 ac
1090 614 1296 667 Veneto
1331 615 1533 680 reperit

464 687 712 743 Pichena,
748 689 956 740 Colerus.

532 765 594 817 Iu
615 765 907 828 provinciam
924 766 1247 831 Lusitaniam]
1295 769 1532 820 Totidem

461 842 637 901 verbis
658 843 968 893 Suetonius-2
992 844 1009 871 ‘
1031 843 1297 907 Sepositus
1322 852 1403 895 est
1434 860 1533 910 per

463 934 702 972 caussam
757 920 1035 983 legationis
1085 920 1139 969 in
1182 921 1532 972 Lusitaniam?

460 1000 566 1053 Sed
592 1016 766 1065 operae
786 1008 868 1050 est
888 1001 1065 1051 videre
1088 1001 1391 1054 divisionem
1408 1004 1531 1056 His·

460 1077 798 1144 pmiae,&c.*
834 1078 1045 1142 Lipsius.

531 1155 595 1205 In
646 1154 948 1205 Iacsitaniam
997 1156 1225 1220 seposuit]
1321 1159 1531 1223 Depre-

462 1233 852 1285 canteScneca.
888 1235 1150 1285 Plutarch.
1189 1235 1529 1289 Annal.x111.

460 1308 479 1339 ⁴
501 1308 748 1372 dejicitur
790 1309 1147 1362 familiaritate
1200 1321 1367 1377 sueta,
1409 1323 1530 1380 post

463 1399 744 1450 congressu
767 1393 822 1437 et
845 1387 1097 1440 comitatu
1130 1389 1295 1455 Otho,
1327 1398 1384 1441 et
1411 1406 1533 1457 pos·

460 1467 631 1517 tremo
667 1479 736 1516 ne
771 1465 826 1514 in
865 1464 995 1514 urbe
1030 1468 1303 1517 aemnlatus
1328 1477 1528 1532 ageret,

459 1541 749 1603 provinciae
826 1541 1111 1593 Lusitaniae
1210 1544 1533 1609 praeficitur?

457 1617 705 1672 flavinius.

529 1696 601 1745 Et
617 1698 767 1746 donee
786 1697 955 1748 bellum
968 1698 1078 1759 fuit
1100 1701 1229 1750 inter
1244 1702 1525 1766 proesentes]

459 1767 736 1820 Particula
787 1787 892 1823 nna
958 1776 1198 1826 traducta
1262 1792 1406 1828 snam
1472 1784 1529 1830 et

459 1846 684 1897 orationi
719 1852 775 1897 et
811 1851 1087 1900 sententiae
1121 1852 1525 1905 concinnitatem

460 1920 771 1985 reddideris,
808 1927 951 1977 donec
981 1927 1147 1978 bellum
1172 1928 1285 1989 fuit
1313 1936 1361 1981 et
1399 1930 1526 1981 inter

452 2005 713 2062 praesentes
732 2002 1149 2064 splendidissimus.
1185 2003 1476 2059 Acidalius.

528 2073 663 2123 Cu».
689 2080 768 2126 14.
799 2078 1043 2127 Accersiri
1055 2080 1215 2144 jubet,
1231 2096 1314 2131 seu
1327 2084 1527 2146 propria

456 2150 722 2216 dilectione,
761 2153 880 2217 sive,
901 2159 956 2202 at
989 2157 1181 2218 quidam
1200 2157 1527 2222 tradiderunt]

457 2226 702 2279 Muretus
744 2231 920 2279 accersi
958 2239 1015 2281 et
1055 2234 1377 2298 crediderunt,
1418 2250 1527 2285 ma·

457 2303 648 2356 luerat.
712 2306 798 2356 De
832 2315 1051 2374 utroque
1080 2325 1182 2360 non
1214 2319 1427 2375 gravate
1447 2328 1526 2362 as-

457 2384 670 2448 sentiar,
691 2399 983 2451 quanquam
1007 2390 1301 2439 necessario
1322 2399 1525 2443 mutan·

456 2459 584 2515 dnm
626 2475 738 2512 esse
780 2469 1021 2514 neutrum
1070 2466 1198 2516 scio.
1255 2469 1523 2520 Acidalius.

458 2536 529 2591 In
550 2539 688 2588 Flor.
712 2539 930 2603 legitur:
963 2556 1047 2591 seu
1056 2544 1252 2607 propria
1268 2547 1490 2598 electione
1505 2562 1527 2606 ;

456 2614 574 2677 sive,
593 2621 648 2665 ut
669 2618 861 2680 quidam
881 2620 1202 2671 crediderunt.
1266 2623 1374 2673 Sed
1394 2626 1525 2676 nihil

456 2701 624 2745 muto.
673 2696 904 2747 Pieliena.
953 2700 1298 2763 Reposuimus
1341 2703 1524 2754 lectio-

456 2785 580 2827 nem
635 2773 739 2822 Ms.
811 2775 1129 2837 Florentini;
1201 2779 1525 2831 crediderunt.

457 2846 862 2899 Freinshemius.
898 2852 1059 2915 Lege,
1088 2854 1275 2904 arcessi.
1323 2855 1525 2909 Grono-

457 2936 594 2974 vius.

523 3001 642 3054 Piso
669 3002 744 3052 M.
772 3005 944 3054 Crasso
964 3010 1012 3055 et
1033 3005 1282 3059 Scribonia
1308 3010 1525 3075 genitus]

457 3075 620 3140 Puto,
640 3077 729 3128 illo
746 3080 824 3129 M.
841 3080 1026 3131 Crasso
1050 3083 1226 3149 Frugi,
1240 3088 1327 3151 qui
1342 3091 1525 3141 consul

457 3150 564 3211 ,fuit
584 3169 700 3207 cum
723 3157 785 3209 C.
807 3157 1034 3208 Lecanio
1056 3161 1238 3227 Basso,
1258 3176 1520 3216 ncccxv1.

458 3233 556 3283 sub
599 3233 847 3286 Nerone:
885 3239 973 3303 qui
1009 3239 1124 3303 ipse
1162 3257 1192 3291 e
1227 3242 1523 3307 Calpurniis

457 3310 638 3375 Frugi,
678 3313 732 3363 in
788 3313 1045 3366 Liciniam
1100 3326 1312 3382 gentem
1364 3323 1523 3387 adop-

455 3390 597 3440 tione
619 3393 844 3455 transiit,
869 3401 929 3444 ut
950 3410 1016 3444 ex
1035 3398 1341 3460 cognomine
1364 3414 1526 3466 appa7

455 3473 574 3517 ret:
640 3469 774 3520 sicut
827 3471 911 3521 hic
943 3479 1120 3522 noster
1150 3475 1342 3527 iterum
1364 3492 1393 3527 e
1441 3478 1524 3527 Li-

457 3541 605 3595 ciniis
676 3545 743 3594 ad
811 3546 1116 3612 Calpurnios
1177 3552 1290 3603 ivit.
1369 3555 1526 3607 Quod

456 3625 631 3671 autem
660 3621 726 3670 de
764 3621 1037 3675 Scribonia
1060 3626 1240 3677 addit:
1277 3643 1346 3679 ex
1362 3645 1426 3680 eo
1448 3632 1525 3681 vi-

458 3694 553 3747 des
597 3701 966 3762 perperam-in
1023 3703 1294 3754 Plutarchi
1351 3706 1527 3759 Galba

453 3772 581 3837 legi,
623 3771 845 3840 Κράσσου
883 3776 962 3826 καὶ
1005 3777 1251 3843 Κριτίωνος
1285 3779 1521 3845 monos:

454 3856 513 3901 et
532 3864 600 3900 ex
621 3858 799 3902 nostro
821 3854 1202 3919 corrigendum.
1235 3858 1447 3921 Lipsius.

519 3927 637 3979 Piso
657 3929 737 3980 M.
764 3931 937 3980 Crasso
959 3948 1020 3981 ex
1040 3931 1287 3984 Scribonia
1301 3936 1523 4001 genitus]

456 4004 878 4071 Emendavimus,
915 4015 965 4059 et
1010 4009 1263 4063 Scribonia
1310 4015 1525 4075 genitus.

456 4080 751 4133 Rhenanus.

523 4157 630 4211 Quo
670 4159 926 4221 &aspectior
986 4163 1217 4226 sollicitis,
1272 4168 1523 4231 adoptanti

448 4231 688 4296 placebat]
741 4235 860 4285 Scio
897 4239 987 4303 qui
1023 4241 1407 4293 contendebant
1443 4246 1521 4295 le-

459 4307 706 4375 gendum,
740 4325 850 4379 qua,
885 4321 1083 4376 praeter
1115 4330 1322 4372 omnem
1362 4321 1518 4375 ratio·

1172 390 1394 445 NO'I'AE
1439 388 1849 442 vammum
1896 393 1977 443 m

1606 552 1747 591 nem.
1809 539 2021 590 Omissa
2055 537 2141 590 hic
2165 551 2368 605 quoque
2400 536 2673 603 particula,

1609 629 1726 680 qnae
1763 615 1915 666 alteri
1938 631 2025 680 quo
2061 616 2424 681 responderat,
2454 632 2549 680 quo
2574 632 2678 667 sus-

1600 693 1785 756 pectior
1799 694 2034 758 sollicitis,
2048 709 2101 743 eo
2120 694 2274 756 magis
2292 694 2545 758 adoptanti
2569 695 2677 757 pla·

1604 769 1757 820 cebat.
1789 769 2073 822 Acidalius.

1672 847 1810 898 cu».
1826 851 1908 896 16.
1946 849 2079 910 Lege
2096 848 2301 909 curiata,
2331 853 2388 897 at
2413 847 2560 897 noris
2578 846 2675 911 est]

1605 924 1800 975 Nescio
1821 939 1888 974 an
1910 940 1940 973 a
1958 924 2325 989 glossographo
2346 924 2456 989 illa,
2489 929 2546 974 ut
2577 939 2673 975 mo-

1603 1001 1779 1051 risest.
1813 1001 2099 1053 Acidalins.

1668 1079 1803 1128 Milu·
1822 1079 2064 1141 egregium·
2085 1082 2191 1128 erat
2213 1077 2348 1142 tunc]
2395 1078 2521 1127 Non
2564 1078 2675 1140 pla*

1605 1161 1695 1204 cet
1717 1162 1953 1206 extrema
1980 1157 2083 1207 ista
2104 1156 2308 1216 vocula,
2332 1168 2486 1219 quam
2509 1153 2674 1217 suspi-

1605 1247 1696 1285 cor
1714 1231 1944 1284 effictam
1964 1232 2125 1283 fuisse
2148 1247 2214 1282 ex
2251 1237 2501 1295 corrupto
2540 1246 2676 1294 pras·

1605 1309 1810 1361 nomine
1832 1311 2092 1375 Pompeii,
2113 1318 2173 1360 ut
2204 1309 2539 1360 scribendum
2568 1309 2675 1371 εἰη

1602 1387 1724 1438 milii
1741 1388 1987 1452 egregium
2006 1393 2110 1439 erat
2130 1388 2265 1437 Cnoei
2279 1387 2499 1450 Pompeii
2513 1403 2532 1435 .·
2552 1401 2670 1436 cum

1603 1464 1765 1515 etiam
1785 1465 1972 1515 Crasso
2007 1477 2292 1530 pronomen
2331 1479 2481 1515 sunm
2515 1463 2673 1514 adda·

1605 1546 1707 1590 tur.
1744 1540 1961 1592 Freinsh.

1669 1619 1741 1668 Et
1760 1617 1853 1669 tibi
1871 1618 2077 1680 insigne,
2111 1616 2335 1681 Sulpicia
2354 1632 2412 1666 ac
2430 1617 2673 1667 Lactatiae

1600 1692 1792 1756 decora]
1878 1694 1967 1744 Ita
2020 1694 2331 1758 scripsimus.
2396 1694 2674 1744 Rhenanus.

1601 1769 1913 1821 Plutarchus
1948 1785 2114 1834 agens
2136 1771 2204 1820 de
2221 1770 2405 1821 Galbae
2430 1770 2673 1833 genealo-

1602 1846 1688 1911 gia
1707 1846 1896 1911 inquit,
1917 1845 2046 1910 μέγα
2067 1846 2120 1897 δὲ
2141 1846 2273 1911 εἶχεν
2292 1846 2531 1910 εὐγενείας
2542 1845 2671 1909 ἀξίω·

1600 1941 1669 1984 μα
1687 1923 1773 1974 τὸν
1795 1924 2020 1989 Σερουΐων
2036 1923 2183 1975 οἶκον·
2211 1925 2247 1976 i.
2279 1924 2672 1974 exiuastrtSer«

1601 2002 1783 2051 viariam
1800 2008 1943 2065 gente
1962 2003 2182 2054 trahebat
2202 2003 2438 2052 nataliam
2458 2003 2673 2065 splendo-

1600 2093 1734 2129 rem.-
1766 2086 1825 2129 et
1856 2080 1990 2133 Tac.
2015 2080 2159 2131 Hist.
2183 2093 2247 2130 ιι.
2278 2079 2297 2107 ‘
2317 2079 2452 2129 Post
2480 2078 2675 2141 Julius,

1602 2157 1866 2219 Claudios,
1901 2157 2108 2208 Servios
2126 2156 2162 2218 ς’
2211 2155 2447 2208 nonnihil
2482 2154 2673 2218 impro-

1601 2234 1714 2298 prie
1757 2249 1880 2285 usus
1925 2236 2228 2298 cognomine
2271 2248 2371 2298 pro
2410 2233 2673 2298 gentilitio

1602 2310 1668 2360 ad
1722 2310 2121 2375 significandam
2170 2310 2522 2375 Sulpiciorum
2587 2308 2674 2358 do-

1598 2404 1769 2451 mum3
1820 2390 1887 2439 de
1924 2405 2028 2455 qua
2062 2387 2226 2439 fusius
2271 2393 2516 2452 agentem
2554 2385 2673 2436 vide

1598 2467 1810 2522 Sueton-
1848 2467 2007 2517 Galb.
2042 2471 2093 2518 2.
2127 2472 2184 2515 et
2218 2469 2271 2516 3.
2334 2463 2443 2515 Sed
2475 2462 2669 2525 Galba,

1597 2541 1769 2607 inquit
1803 2543 2140 2605 Plutarchus,
2174 2539 2357 2605 ἐφρόνει
2387 2538 2557 2602 μεῖζον
2598 2537 2673 2591 ἐπὶ

1597 2622 1661 2685 τῇ
1678 2621 1766 2670 τοῦ
1787 2620 1984 2671 Κάτλου
2005 2617 2276 2684 συγγενείᾳ·
2309 2620 2345 2669 i.
2378 2619 2601 2680 ingentes
2626 2616 2672 2667 ei

1597 2696 2018 2760 qtiritusfaciebat
2046 2698 2321 2746 Catulorum
2340 2694 2494 2758 stirps
2512 2712 2529 2744 ε
2551 2708 2668 2744 cum

1600 2773 1669 2825 Q.
1703 2774 1942 2825 Lutatius
1982 2774 2220 2835 Catulus,
2263 2778 2409 2821 esset
2447 2771 2499 2818 ei
2547 2783 2670 2820 avus

1597 2858 1881 2901 maternus.
1949 2849 2102 2903 Quod
2135 2864 2201 2900 ex
2226 2848 2391 2899 Liviae
2414 2846 2669 2911 Augustae

1598 2928 1907 2994 cognatione
1945 2917 2299 2991 descenderit,
2328 2940 2396 2976 ex
2441 2926 2670 2975 lectione

1598 3006 1721 3057 mihi
1740 3020 1845 3056 non
1862 3006 2140 3069 succurrit,
2154 3018 2466 3070 quamquam
2488 3016 2671 3052 verum

1596 3082 1687 3146 sit,
1709 3097 1829 3132 eum
1848 3083 1866 3111 ‘
1886 3082 2183 3132 observasse
2216 3088 2342 3131 ante
2370 3094 2555 3129 onmes
2589 3078 2675 3129 Li·

1597 3160 1737 3211 viam
1759 3158 2068 3225 Augustam,
2099 3159 2245 3224 cujus
2266 3165 2322 3208 et
2342 3157 2479 3209 vivae
2502 3156 2672 3221 gratia

1598 3237 1879 3302 plurimum
1916 3237 2094 3301 valuit,
2134 3226 2202 3286 'et
2238 3243 2462 3286 mortnae
2510 3240 2668 3284 testa·

1598 3320 1775 3364 mento
1810 3329 1947 3379 pene
1969 3314 2161 3365 ditatus
2189 3313 2309 3365 est.'
2374 3314 2598 3364 Sueton.
2618 3316 2669 3365 ὅ,

1596 3391 1702 3442 Sed
1739 3392 2065 3457 cognationis
2101 3406 2167 3440 ne
2197 3390 2419 3454 vestigia
2458 3389 2669 3455 quidem

1599 3470 1740 3533 apud
1777 3471 2063 3536 scriptores
2085 3475 2289 3533 extant,
2327 3474 2389 3518 ut
2409 3466 2570 3517 fidem
2597 3466 2671 3516 fa·

1599 3548 1698 3597 cile
1721 3547 1797 3598 ita
1816 3549 2064 3598 sentienti
2086 3546 2401 3611 abjudicem.
2469 3545 2670 3594 Nover-

1599 3639 1714 3676 cam
1760 3631 1962 3676 tantum
2000 3624 2183 3676 habuit
2221 3622 2424 3673 Liviam
2473 3619 2669 3671 Ocelli-

1599 3717 1738 3765 nam,
1772 3703 1826 3753 in
1871 3704 2021 3767 cujus
2052 3714 2242 3751 nomen
2279 3713 2349 3749 ex
2386 3697 2670 3761 adoptione

1597 3780 1825 3842 transiit,
1861 3779 2154 3844 appellatus
2192 3778 2253 3827 L.
2276 3775 2454 3826 Livius
2480 3774 2672 3825 Ocelli-

1597 3871 1694 3909 nus
1735 3870 1876 3923 usqae
1921 3859 1985 3906 ad
2018 3861 2200 3919 tempus
2238 3853 2449 3917 imperii,
2482 3852 2531 3901 si
2564 3865 2667 3902 non

1595 3948 1815 3985 erronea
1838 3941 1921 3984 est
1951 3932 2190 3985 Suetonii
2226 3931 2279 3979 in
2301 3929 2461 3981 Galb.
2483 3933 2534 3979 4.
2556 3941 2669 3979 sen·

1596 4012 1781 4063 tentia.
1814 4011 2060 4061 Savillius.
2127 4007 2361 4058 Familias
2397 4004 2667 4070 intelligit,

1595 4101 1662 4136 ex
1701 4086 1888 4152 quibus
1926 4093 2072 4144 ortus
2108 4085 2299 4147 Galba,
2332 4098 2402 4133 ex
2434 4082 2667 4148 Sulpicia

1594 4179 1756 4228 genus
1779 4179 2070 4229 nomenque
2092 4170 2389 4228 paternum,
2420 4176 2490 4212 ex
2512 4162 2667 4212 Luta»

1595 4241 1668 4290 tia
1687 4256 1849 4306 genus
1871 4248 2162 4291 maternum
2184 4238 2418 4291 ducebat
2435 4256 2451 4289 z
2486 4238 2574 4303 qui
2598 4249 2661 4287 ex

1592 4317 1846 4371 mummia
1867 4316 2066 4370 Achaia
2087 4322 2263 4382 natus,
2282 4318 2579 4369 statuarum
2601 4312 2663 4364 ti·
