3009 4942
505 411 689 479 ‘4274

505 565 733 632 garum?
776 567 846 617 Et
867 565 1004 615 idem
1027 570 1130 627 est,
1147 579 1209 615 ac
1225 564 1269 615 si
1288 561 1582 629 scripsisset

505 643 815 711 honorificam
834 643 889 692 ὄπ
925 642 1090 692 bonum
1117 640 1399 705 principem.
1449 639 1582 689 Sen-

509 722 681 772 tentia
725 733 867 782 vero,
924 717 1158 769 Helvidii
1213 717 1363 767 fuere
1402 715 1582 767 laudes

511 798 825 848 adulationis
888 802 1147 860 expertes,
1218 810 1334 860 quae
1391 794 1583 844 bonnm

515 876 806 941 principem
839 875 1060 925 Senatus
1091 873 1358 935 decerent,
1380 878 1437 923 et
1463 885 1581 936 quoe

499 968 548 1004 «a
585 953 772 1004 Prisco
816 950 1015 1004 effundi
1064 964 1160 1014 par
1208 956 1342 1012 erat,
1379 949 1468 1014 qni
1510 952 1524 978 ⁴
1550 962 1580 997 e

497 1027 745 1081 ,moribus
767 1027 935 1078 soceri
956 1027 1084 1076 nihil
1114 1040 1264 1091 aeque
1287 1041 1348 1076 ac
1370 1025 1583 1075 liberta·

493 1113 621 1156 sem
652 1104 857 1155 hausit!
885 1103 963 1155 At
1001 1120 1033 1154 a
1073 1102 1396 1169 Vespasiano
1441 1116 1582 1164 aegre

500 1187 748 1245 -acceptae
780 1187 918 1244 suut,
960 1181 1050 1246 qui
1091 1180 1215 1230 licet
1259 1180 1275 1207 ‘
1298 1176 1471 1230 civilia
1515 1177 1581 1228 de

507 1272 567 1311 se
630 1264 687 1307 et
749 1256 883 1322 rep.'
947 1263 1119 1306 tamen
1176 1258 1191 1284 ‘
1218 1263 1277 1306 ut
1334 1256 1581 1320 princeps

507 1334 862 1400 loquebatur!
923 1336 1100 1387 Sensit
1132 1334 1285 1384 aliter
1301 1332 1581 1383 Suetonius

501 1412 675 1478 vesp.
721 1418 805 1463 15.
834 1412 900 1463 de
946 1412 1147 1475 Prisco,
1181 1411 1272 1461 sed
1308 1409 1581 1459 Cornelius

510 1490 765 1555 ejusmodi
788 1490 1013 1541 virorum
1038 1487 1335 1553 praecipuus
1369 1494 1454 1537 est
1472 1485 1581 1536 fau-

497 1573 613 1627 ‚tor.
679 1567 875 1617 Verum
895 1566 1126 1616 Picbena
1148 1560 1329 1615 cdsas
1343 1562 1583 1615 offensio·

495 1643 592 1693 „nis
615 1644 729 1708 ejus
752 1657 838 1695 eas
874 1641 1031 1694 fuisse
1067 1648 1241 1706 putat,
1267 1656 1386 1707 quae
1410 1647 1531 1705 post
1550 1655 1583 1690 a

513 1721 758 1773 Cornelio
800 1727 1139 1775 recensentur
1180 1735 1194 1769 ε
1235 1733 1423 1785 nempe
1464 1719 1580 1782 ejus

503 1799 819 1857 seutentiam
863 1812 1019 1862 super
1095 1796 1372 1861 legatione,
1428 1810 1584 1861 super

509 1880 794 1940 praetorum
812 1874 1175 1939 postulatione,
1201 1887 1464 1939 superque
1483 1874 1583 1925 Ca·

510 1953 684 2018 pitolii,
717 1952 1069 2004 restitutione.
1135 1952 1445 2005 Dissentio:
1490 1952 1582 2018 qui

492 2030 650 2085 ,enim
670 2043 848 2080 vorum
883 2036 1020 2079 esset
1035 2030 1058 2080 ἰ.
1092 2031 1107 2059 ‘
1129 2028 1260 2079 falsa
1282 2029 1502 2081 aberant
1526 2037 1583 2083 et

507 2106 698 2159 studiis
758 2114 971 2159 senatus
1023 2106 1430 2159 attollebantur!
1493 2109 1583 2159 De

504 2183 774 2246 legatione
818 2185 957 2235 enim
979 2184 1242 2249 scribitur,
1276 2184 1295 2212 ‘
1316 2183 1441 2234 vicit
1460 2197 1583 2248 pars

491 2274 626 2325 ,quae
665 2261 842 2313 sortiri
883 2262 1085 2326 legatos
1132 2261 1384 2325 malebat,
1423 2262 1583 2312 otiam

506 2338 692 2389 mediis
732 2346 940 2404 patrum
978 2339 1331 2390 annitentibus
1351 2340 1582 2390 retinere

492 2414 741 2469 ,mot-em)
807 2415 890 2465 De
909 2415 1257 2481 postulatione
1274 2416 1290 2445 ‘
1310 2414 1583 2466 Vulcatius

506 2491 824 2543 Tertullinus
856 2490 1096 2544 tribunus
1131 2492 1299 2558 plebis
1329 2493 1583 2542 interces-

506 2567 597 2627 sit,
620 2569 833 2634 nequid
876 2583 1036 2635 super
1073 2573 1220 2621 tanta
1261 2584 1319 2620 re
1342 2569 1583 2635 principe

506 2646 729 2700 absente
755 2646 1122 2701 statueretur!
1184 2646 1372 2713 Itaque
1415 2647 1582 2696 incer·

507 2727 639 2784 tum,
662 2724 922 2786 placitura
942 2723 1145 2775 senatui
1168 2722 1361 2775 fuisset
1390 2735 1488 2773 nec
1513 2736 1580 2773 ne

507 2799 681 2863 Crispi
720 2801 999 2857 sententia.
1088 2801 1171 2857 De
1227 2801 1582 2863 restitutione,

505 2876 522 2909 ‘
545 2890 661 2931 eam
684 2878 998 2931 sententiam
1017 2877 1423 2931 modestissimus
1445 2877 1581 2943 quis-

505 2967 610 3017 que
647 2954 874 3014 silentio,
909 2953 1101 3005 deinde
1123 2954 1318 3004 oblivio
1342 2956 1580 3007 transmi-

503 3027 611 3081 sit?
656 3028 944 3081 &liner-ius.
1010 3030 1237 3081 Nebulae
1281 3032 1409 3080 satis
1452 3030 1579 3080 den·

503 3119 582 3155 sae
604 3106 724 3156 huic
751 3106 889 3159 locos
954 3106 1266 3170 Dispellam‚
1293 3106 1578 3170 transposi-

496 3189 563 3230 -ta
584 3182 795 3232 minima
817 3184 1001 3234 vocula
1014 3200 1030 3232 .·
1069 3183 1273 3247 promit
1293 3186 1580 3234 sententiam

501 3258 825 3323 honorificam,
872 3264 928 3310 ut
972 3261 1025 3309 in
1068 3259 1239 3309 bonum
1286 3259 1576 3324 principem.

505 3335 669 3387 Quasi
700 3337 903 3400 innuat,
934 3352 1037 3391 non
1079 3353 1226 3391 more
1263 3353 1353 3388 suo
1387 3336 1577 3389 fecisse

501 3411 829 3477 Helvidium,
867 3415 956 3480 qui
991 3415 1123 3467 alias
1161 3415 1476 3467 sententiam
1522 3414 1576 3465 in

505 3496 690 3541 senatu
733 3491 859 3542 satis
896 3492 1058 3543 libere
1089 3507 1373 3557 severeque
1396 3492 1575 3541 dicere

505 3564 688 3615 solitus
710 3572 870 3629 esset,
891 3567 1149 3632 quondam
1188 3569 1358 3629 soceri
1380 3568 1456 3620 sui
1479 3582 1575 3619 ex-

505 3639 694 3705 emplo.
760 3643 1078 3708 Vespasiano
1125 3658 1251 3695 sane
1287 3659 1391 3696 nou
1423 3644 1576 3694 nimis

504 3716 725 3771 amicum
741 3718 931 3769 vixisse
954 3720 1193 3772 Priscum
1214 3720 1363 3770 illum
1387 3720 1575 3773 doceat

505 3792 760 3860 xiphilin.
786 3803 843 3846 et
865 3796 982 3847 vide
1005 3797 1223 3848 Sueton.
1261 3803 1317 3845 et
1343 3797 1573 3848 Plinium

503 3872 728 3938 quadam
761 3873 988 3937 epistola
1039 3871 1105 3924 de
1154 3872 1254 3922 boc
1306 3870 1573 3924 Helvidio.

507 3948 718 4003 Cotem.
785 3950 974 4005 Placet
1013 3948 1160 4011 mihi,
1199 3949 1339 4015 quod
1383 3948 1575 4000 Rodol-

481 4030 604 4094 ,pho
625 4029 1046 4093 placuisse-notat
1068 4030 1277 4095 Lipsius
1303 4047 1317 4081 ς
1357 4030 1450 4079 sed
1485 4045 1577 4087 vo-

502 4122 618 4157 cem
660 4109 997 4159 attollebuntur
1040 4116 1098 4159 et
1140 4124 1259 4159 cum
1285 4124 1349 4159 ea
1369 4123 1577 4161 sensum

501 4181 692 4232 leviter
727 4192 887 4246 muto,
908 4190 969 4236 ut
995 4183 1123 4234 fiat:
1169 4185 1371 4248 promsit
1390 4190 1577 4239 senteu-

499 4257 643 4322 team,
661 4263 714 4307 ut
735 4260 1079 4331 honorificam*
1060 4275 1113 4309 ιη
1136 4260 1301 4311 bonum
1311 4261 1578 4325 principem

499 4331 760 4400 wlff-loa
768 4334 983 4391 aberant.
1058 4338 1134 4393 Et
1173 4337 1351 4395 studii-s
1389 4342 1579 4397 senatu-³

1213 420 1435 472 No‘rffl
1482 418 1891 470 vnmolwu
1944 418 2026 468 m
2194 436 2211 463 ι

1654 561 1978 614 abachum„
2014 560 2111 610 ‚Id
2130 560 2339 613 initium
2355 555 2722 615 offehsaehis·

1658 656 1723 692 co
1776 639 1898 705 fnit,
1949 641 2090 707 quod
2142 641 2463 691 sententiam
2511 636 2725 693 dixisset

1658 734 1894 770 severam
1948 727 2007 770 et
2061 718 2374 769 adulationis
2420 721 2723 780 expertemz

1656 797 1846 848 deinde
1865 797 2005 863 quod
2027 796 2097 846 ob
2116 795 2168 845 id
2183 797 2348 860 ipsum
2364 793 2567 858 maguis
2582 804 2726 843 sena-

1658 882 1744 926 tns
1785 875 2025 925 laudibus
2059 889 2123 924 ac
2153 872 2333 924 favore
2354 871 2727 923 celebraretur.

1661 953 1878 1003 Grotius.
1942 952 2174 1003 Tantum
2195 953 2364 1003 locum
2386 949 2463 999 ita
2493 947 2728 1010 formem,

1654 1037 1711 1082 ut
1732 1032 2035 1099 honorificam
2055 1034 2108 1082 in
2145 1031 2317 1082 Ῑιωιιιιη
2346 1026 2638 1095 principem,
2658 1029 2728 1085 iffi

1646 1109 1781 1170 falsa
1796 1110 1992 1161 aberant
2012 1127 2029 1160 .·
2064 1116 2110 1160 et
2142 1109 2334 1172 studiis,
2365 1110 2449 1171 &c-
2473 1106 2727 1172 quomodo

1658 1186 1810 1237 video
1846 1193 1903 1236 et
1957 1187 2079 1236 olim
2136 1185 2395 1250 placuisse
2446 1183 2727 1246 Rodolpbo

1656 1263 1962 1329 Agricolae:
2004 1278 2299 1330 quanquam
2340 1261 2623 1312 dissentiat
2655 1258 2730 1308 vir

1658 1342 1871 1395 doctiss.
1911 1342 1999 1408 qui
2037 1356 2137 1391 nou
2185 1346 2336 1405 putat
2388 1337 2595 1402 expleri
2634 1337 2728 1389 hoc

1657 1417 1811 1468 modo
1849 1419 2177 1469 seutentiam.
2242 1419 2357 1481 Ego
2401 1420 2585 1465 autem·
2605 1413 2729 1463 nihil

1658 1494 1840 1547 deesse
1857 1494 2113 1544 arbitrer:
2148 1495 2244 1543 hoc
2268 1492 2403 1542 enim
2425 1492 2563 1555 vult,
2582 1491 2728 1541 hono·

1656 1569 1854 1621 rificam
1878 1569 2039 1621 fuisse
2056 1570 2344 1621 orationem
2375 1567 2644 1629 Marcelli,
2674 1572 2729 1619 ut

1658 1647 1716 1697 in
1738 1646 1928 1696 bonum
1945 1646 2251 1711 principem,
2272 1660 2387 1695 cum
2411 1650 2555 1694 esset
2570 1644 2728 1695 laudis

1644 1725 1916 1775 materia:
1950 1736 2059 1776 nec
2068 1729 2249 1777 tamen
2262 1719 2729 1781 adulatoriam,sed

1659 1802 1887 1857 abfuisse
1903 1800 2046 1852 falsa.
2117 1801 2233 1852 Nec
2249 1806 2350 1861 est,
2366 1804 2428 1849 ut
2446 1813 2607 1867 quem
2627 1812 2730 1849 mo·

1656 1886 1782 1930 veat
1804 1880 1905 1930 ista
1947 1878 2197 1967 loquendi·
2214 1876 2380 1927 ratio·
2417 1881 2473 1924 ut
2512 1873 2731 1939 honorifi-

1659 1973 1763 2008 cam
1800 1958 1853 2007 in
1886 1957 2053 2008 bonum
2069 1954 2350 2019 principem,
2370 1953 2445 2002 ita
2470 1950 2609 2011 falsa
2626 1948 2731 2000 abe-

1657 2040 1789 2085 rant.
1842 2034 1983 2085 Nam
2021 2040 2078 2083 et
2109 2033 2210 2083 alia
2241 2028 2543 2094 hujusmodi
2581 2040 2732 2093 supra

1659 2112 1726 2163 ad
1749 2125 1815 2162 ιι.
1839 2116 1890 2162 7.
1910 2110 2223 2161 notavimus.
2276 2107 2501 2158 Freinsh.

1724 2188 1910 2238 Studiis
1928 2192 2116 2238 senatus
2135 2182 2464 2245 moliebatur]
2506 2181 2599 2232 Sic
2622 2190 2730 2231 ree-

1659 2265 1762 2315 tius
1788 2265 1948 2314 visum
1989 2279 2056 2313 ex
2092 2264 2232 2313 Flor.
2261 2275 2420 2327 quam
2458 2266 2520 2309 ut
2557 2260 2731 2327 vulgo,

1655 2340 2008 2405 attollebantur,
2030 2347 2090 2390 ut
2126 2340 2193 2390 ad
2237 2337 2578 2389 Helvidium
2564 2351 2730 2431 ipsum

1658 2417 2232 2471 referatur.Pic1senu.

1724 2495 1866 2559 Isque
1884 2495 2148 2559 proecipuus
2170 2494 2242 2543 illi
2258 2494 2360 2543 dies
2380 2507 2570 2555 maguoe
2587 2490 2730 2556 effen·

1654 2571 1746 2635 soe]
1778 2573 2058 2635 Superiora
2079 2570 2240 2621 verba
2261 2570 2468 2634 integra
2489 2583 2606 2618 esse
2627 2582 2730 2617 non

1657 2649 2078 2701 asseveraverim.
2144 2646 2297 2703 Quod
2320 2654 2499 2697 autem
2524 2645 2730 2708 Lipsius

1658 2727 1863 2792 quaerit,
1896 2726 2032 2792 quid‘
2044 2726 2131 2789 sit,
2152 2726 2206 2774 in
2230 2740 2331 2790 quo
2356 2723 2635 2774 Helvidius
2655 2719 2731 2771 of-

1655 2801 1923 2863 fenderit3
1973 2802 2098 2850 mibi
2143 2799 2353 2850 videtur
2391 2800 2447 2848 in
2490 2798 2577 2860 iis,
2612 2811 2728 2862 quae

1652 2876 1867 2929 inferius
1905 2876 2321 2944 perscribuntur.
2383 2874 2583 2937 Prim0,
2615 2888 2730 2924 cum

1632 2953 1796 3019 eligi,
1829 2967 1930 3003 non
1952 2952 2150 3014 sortiri,
2171 2955 2271 3001 &m
2306 2950 2337 2978 ⁴*
2369 2949 2600 3001 Pichena.

1720 3030 1855 3081 CAP.
1898 3036 1946 3081 6.
2016 3030 2178 3079 Italia·
2210 3029 2431 3092 septima,
2461 3028 2731 3077 Tarracina

1652 3107 1931 3172 municipio]
1996 3107 2167 3158 Locus
2205 3120 2307 3154 nec
2341 3105 2508 3155 bonus
2531 3117 2628 3153 nec
2651 3101 2732 3151 fir-

1653 3201 1786 3246 mus,
1822 3184 1897 3235 de
1923 3183 2211 3233 firmissimo
2232 3183 2356 3231 viro,
2426 3181 2567 3231 Nam
2588 3178 2731 3229 libris

1654 3262 1802 3312 abest
1823 3276 1945 3323 vox,
1966 3260 2197 3327 septima‘
2250 3272 2406 3322 quam
2438 3271 2535 3307 nos
2558 3263 2729 3305 tamen

1652 3338 1982 3399 inseruimus,
2001 3334 2280 3393 sententia»,
2322 3340 2604 3396 utcumque
2638 3330 2734 3383 ful-

1654 3415 1876 3478 ciendae,
1895 3413 2332 3465 admonitionibus
2370 3409 2659 3460 Vertranii
2675 3414 2728 3459 et

1652 3492 1903 3547 Ferretti.
1949 3491 2150 3547 Scimus
2173 3488 2310 3540 enim
2334 3487 2565 3551 Italiam,
2584 3477 2728 3536 &cst

1653 3570 1870 3634 Liparas.

1717 3646 1934 3710 Reginae
1956 3645 2139 3706 Italiae,
2158 3643 2434 3695 Tarracinae
2452 3639 2730 3705 municipio]

1651 3722 1877 3773 ‘Veteres
1919 3722 2039 3772 libri
2077 3723 2261 3785 legunt
2298 3719 2520 3781 Reginae
2555 3717 2731 3780 Italic,

1650 3799 1792 3849 nullo
1831 3811 2042 3862 prorsus
2083 3809 2315 3859 numero,
2349 3795 2440 3857 qui
2478 3792 2730 3843 discrimi-

1650 3881 1765 3938 net,
1808 3874 2010 3938 addito,
2063 3880 2120 3923 et
2164 3873 2436 3922 Tarracina
2479 3870 2730 3935 municipio

1653 3952 1814 4002 dubia
1837 3954 2117 4017 scriptura,
2154 3963 2528 4014 nonnunquam
2556 3949 2731 3998 Tam-

1650 4029 1807 4080 tinum
1826 4028 2134 4093 municipum,
2169 4027 2433 4077 interdum
2461 4023 2729 4077 Tarentina·

1651 4107 1879 4171 municip.
1902 4106 2213 4171 quandoque
2237 4110 2292 4154 e't
2316 4103 2595 4155 Tarentino.
2641 4102 2730 4153 Sa-

1652 4198 1720 4235 ne
1739 4184 1929 4233 mirum
1952 4182 2194 4233 videatur
2216 4180 2346 4233 adeo
2370 4181 2488 4229 illos
2511 4191 2728 4244 operose

1652 4262 1856 4312 versari
1891 4262 1944 4311 in
1985 4257 2307 4323 designanda
2334 4258 2633 4323 Tarracina,
2649 4269 2731 4313 ce-

1616 4355 1623 4360 *
1652 4338 1808 4404 lebri,
1830 4335 2072 4409 quodque
2092 4334 2234 4393 fama
2264 4333 2496 4404 ignorari
2517 4347 2624 4391 non
2642 4345 2732 4403 μ.
