3009 4942
839 386 986 435 mn.
1031 387 1146 436 ιιι.
1191 372 1512 443 οΑι».’58.
1558 393 1995 446 Aufinum.

309 526 329 554 ‘
349 541 490 579 nunc
518 527 727 578 demum
746 528 886 579 redit
908 529 1130 593 animus,
1149 533 1207 580 et
1224 544 1385 596 quan-

309 618 468 668 quam
502 604 671 671 primo
694 606 872 656 statim
904 606 1191 657 beatissimi
1222 609 1386 658 seculi

308 688 430 731 ortu
453 683 636 733 Nerva
658 684 835 733 Caesar
867 699 952 735 res
984 685 1106 735 olim
1139 685 1385 736 dissocia-

307 756 443 815 biles
462 759 750 823 miscuerit,
771 761 1124 826 principatum
1147 768 1201 812 et
1225 762 1383 811 liber-

304 835 512 886 tatem!
580 836 722 888 Quid
746 843 920 888 autem
947 837 1115 888 virum
1148 838 1383 889 doctissi-

301 926 449 971 ,mum
490 913 829 965 sollicitavit?
890 916 1071 967 Davus
1114 932 1231 981 ego,
1275 932 1382 968 non

306 990 553 1056 OEdipus,
583 992 779 1042 nescio.
822 992 1101 1045 Solimi-ius.
1165 994 1379 1047 Pulcer-

305 1067 474 1118 rime:
510 1068 604 1118 sed
629 1068 844 1120 obscure
863 1071 1109 1124 nonnihil.
1175 1071 1380 1136 Lipsius

303 1144 439 1195 illud
460 1145 597 1196 bene
621 1147 797 1197 addit:
840 1147 1016 1197 Verum
1046 1148 1146 1197 hac
1176 1149 1310 1198 uobis
1329 1150 1382 1200 in

301 1222 524 1284 unctiores.
574 1225 689 1289 Ego
710 1221 768 1271 τὸ
789 1239 952 1274 veram
974 1227 1379 1290 transposuerim

301 1300 408 1351 ita:
444 1317 609 1352 veram
627 1318 714 1353 nec
733 1303 892 1352 omitia
911 1306 1038 1368 apud
1062 1306 1263 1369 priores,
1295 1309 1377 1371 &⁰-

303 1380 450 1431 Huic
486 1383 766 1433 sententiae
801 1397 959 1448 porro
980 1384 1159 1433 similis
1180 1390 1261 1434 est
1280 1385 1381 1434 alia

301 1458 483 1509 Taciti
504 1458 648 1509 Anu.
672 1473 736 1508 ιι.
771 1461 789 1489 ‘
816 1459 1026 1524 Omnia,
1046 1459 1238 1515 Patres
1261 1476 1381 1512 con·

299 1535 510 1600 scripti,
547 1551 667 1600 quae
705 1551 842 1586 nunc
880 1537 1229 1588 vetustissima
1266 1553 1377 1591 cre-

304 1611 524 1675 duntur,
544 1627 680 1663 nova
708 1611 875 1665 fuere.
943 1613 1301 1666 Inveterascet
1320 1624 1377 1668 et

300 1686 404 1738 hoc
427 1703 658 1754 quoque,
692 1697 750 1740 et
780 1690 918 1755 quod
952 1706 1092 1742 nunc
1122 1695 1374 1758 exemplis

303 1773 531 1830 tuemur,
574 1767 715 1816 inter
763 1769 1006 1833 exempla
1050 1769 1191 1821 erit?
1269 1771 1375 1823 Sed

302 1843 460 1907 plane
476 1844 710 1906 geminus
723 1844 813 1896 ille
832 1846 1030 1909 Synesii
1044 1847 1190 1898 lo'cus
1203 1848 1374 1913 Epist.

301 1925 384 1974 6⁷.
421 1920 598 1971 Πολλὰ
622 1925 718 1972 τῶν
751 1923 949 1973 δεόντων
979 1924 1159 1989 ,χρόνος
1202 1927 1373 1992 ἐξεῦρε,

299 1997 379 2047 κάὶ
402 1998 719 2063 διωρθώσατο·
752 2001 846 2065 οὐχ
875 1999 1067 2053 ἅπαντα
1088 2002 1207 2068 πρὸς,
1227 2021 1376 2070 παρα-

301 2075 541 2139 δείγματι
592 2078 793 2144 γίνεται,
839 2078 922 2129 καὶ
971 2083 1068 2130 τῶν
1113 2079 1378 2144 γενομένων

300 2150 508 2204 ἕκαστον
530 2154 683 2220 ἀρχὴν
705 2154 839 2219 ἔσχε.
880 2157 1040 2219 ‘Haris
1054 2156 1208 2223 ἀρχὴν
1229 2161 1379 2222 δῦμεν

300 2229 394 2281 ἔθει
411 2233 655 2289 βελτίονα
692 2235 858 2284 Multa
877 2249 1034 2285 reram
1050 2236 1240 2286 utilium
1259 2241 1376 2286 tem-

294 2323 387 2373 pus
404 2309 593 2359 invenit
614 2314 701 2360 aut
720 2312 948 2360 correxit.
1001 2312 1115 2361 Non
1136 2312 1294 2363 omnia
1314 2314 1377 2363 ad

299 2385 741 2452 exemplafiunt,·et
758 2388 969 2451 singula,
980 2404 1083 2453 quoe
1093 2388 1235 2449 facta
1250 2396 1378 2455 sunt,

298 2461 499 2511 initium
519 2466 660 2513 semel
680 2463 959 2525 habuerunt.
1026 2465 1208 2515 Demus
1229 2473 1277 2517 et
1294 2483 1377 2518 nos

292 2540 593 2604 principium
613 2540 795 2590 meliori
807 2543 1145 2594 consuetudini.
1181 2544 1377 2594 Contra

300 2615 485 2665 tamen
519 2617 747 2681 nonnihil
785 2617 991 2668 Cassius
1036 2618 1378 2671 Cornelianus

299 2691 626 2744 Annal.'111.
657 2697 674 2723 ‘
695 2696 814 2745 Non
838 2694 961 2760 quia
978 2695 1274 2748 dubitarem
1297 2713 1378 2749 su·

299 2786 397 2836 per
438 2771 679 2822 omnibus
724 2773 950 2837 negotiis
990 2772 1173 2824 melius
1217 2780 1376 2839 atque

300 2846 503 2897 rectius
537 2847 660 2897 olim
696 2850 978 2913 provisum,
1008 2853 1063 2899 et
1097 2864 1215 2914 quae
1256 2865 1377 2900 con·

299 2928 660 2988 verterentur,
699 2926 752 2975 in
773 2925 1004 2976 deterius
1027 2926 1251 2976 mutari:
1284 2927 1376 2977 sed

299 3015 367 3051 ne
381 3001 545 3050 nimio
566 3015 742 3051 amore
761 3003 960 3068 antiqui
976 3003 1132 3052 moris
1148 3003 1378 3053 studium

301 3092 480 3127 meum
533 3078 787 3128 extollere
839 3080 1082 3132 viderer!
1164 3083 1376 3131 Cotem.

304 3152 516 3220 Lipsius
527 3154 790 3207 funestum
800 3157 937 3207 hunc
951 3157 1117 3207 locum
1127 3157 1379 3222 jamnum

231 3219 268 3247 ‘⁰
302 3232 669 3283 conclamavit.
754 3233 903 3284 Idem
959 3239 1135 3285 tamen
1190 3241 1380 3300 tentat,

197 3323 204 3329 ·
305 3310 442 3359 nobis
461 3311 515 3359 in
536 3311 762 3373 mqiores:
792 3311 885 3362 sed
917 3312 1195 3376 medicina,
1224 3318 1285 3363 ut
1305 3310 1377 3363 fa-

311 3394 454 3439 tetur
474 3388 609 3452 ipse,
627 3404 749 3454 quae
783 3389 906 3440 huic
932 3396 1136 3441 mortuo
1168 3405 1272 3441 non
1303 3388 1380 3440 fa-

310 3464 418 3515 ciet
441 3465 622 3515 vitam.
678 3466 910 3517 Tentabo
934 3473 990 3516 et
1011 3481 1129 3531 ego,
1152 3482 1251 3517 nec
1273 3467 1379 3517 scio

310 3556 378 3590 an
406 3540 706 3605 depositum
743 3541 1010 3591 excitabo:
1044 3542 1191 3607 lege:
1222 3548 1379 3607 poste-

304 3618 377 3667 ris
410 3618 553 3668 tulit.-
592 3633 785 3682 qumm
811 3618 912 3668 hoec
940 3619 1072 3668 nobis
1097 3620 1152 3668 ἐκ
1184 3619 1382 3679 mcv'ores

306 3695 573 3744 certamina
606 3710 668 3744 ex
686 3694 874 3745 honesto
903 3701 1142 3748 maneant.
1209 3695 1383 3761 Optat

305 3772 519 3822 Tacitus
539 3778 599 3822 ut
615 3772 701 3820 -sui
719 3772 901 3822 saeculi
923 3787 1122 3822 morem
1139 3773 1381 3822 certandi

309 3865 426 3901 eum
464 3850 752 3914 majoribus
792 3852 989 3915 posteri
1033 3852 1194 3902 etiam
1231 3853 1287 3901 in
1324 3868 1382 3903 se

311 3927 637 3977 aemulentur.
701 3927 854 3977 Nobis
867 3933 1089 3978 maneant
1108 3929 1383 3993 certamina,

313 4003 511 4069 phrasis
534 4010 657 4053 nota
679 4011 735 4055 et
757 4004 1054 4069 perspicua.
1087 4005 1349 4055 Acidalia-s.

371 4068 512 4131 CAP.
547 4085 631 4130 57.
681 4080 895 4130 Publicis
930 4082 1192 4146 privatisve
1234 4081 1384 4130 moni·

310 4157 503 4222 mentis]
524 4157 829 4221 Legendum
845 4157 1065 4222 videtur,
1075 4157 1383 4223 privatisque.

310 4232 553 4285 Pichena.
627 4235 887 4296 Muretus,
929 4234 1246 4304 Privatisque,
1272 4250 1384 4287 rec·

310 4308 428 4360 tius.
492 4309 758 4360 Acidalia-r.

437 4390 614 4458 Delpk.
634 4395 686 4442 et
714 4391 829 4446 Ver.
855 4392 987 4445 ctas.

1365 4391 1524 4443 Tacit.

2334 378 2518 453 8889

1521 532 1682 599 Atque
1695 536 1954 602 Haterius]
1985 538 2107 590 Non
2121 534 2276 593 dubie
2290 541 2519 594 seriben-

1456 608 1689 674 dnm,At
1713 613 1777 669 Q.
1800 613 2054 679 Haterius,
2084 616 2241 683 idque
2277 618 2355 669 illi
2390 618 2523 684 'prae-

1455 701 1660 738 nomen.
1727 690 1903 740 Simile
1940 692 1993 742 in
2028 691 2264 744 Suetonii
2301 697 2520 749 Vitellio

1455 765 1697 816 mendum
1736 782 1784 818 c.
1807 772 1852 819 1.
1890 770 1908 798 ‘
1931 770 2222 837 Exstatque
2259 772 2414 838 elogii
2450 770 2521 825 ad

1456 842 1527 894 Q.
1542 843 1808 894 Vitellium
1831 845 2067 897 libellus!
2134 850 2338 916 Scribo,
2360 856 2522 902 exstat

1458 921 1525 977 Q.
1554 921 1796 985 Longini.-
1844 926 1926 975 vel
1963 932 2020 976 ut
2058 927 2321 979 Muretum
2365 929 2521 982 vide·

1452 997 1609 1060 velle,
1634 999 1697 1057 Q.
1723 1001 1895 1051 clodii.
1959 1003 2178 1068 Lipsius.
2341 1062 2349 1073 ,
2490 1000 2493 1003 ¹

1520 1075 1591 1124 At
1621 1076 1686 1132 Q.
1729 1076 1990 1142 Haterius]
2048 1080 2132 1131 Ita
2171 1081 2373 1146 Lipsius
2409 1082 2523 1135 edr-

1454 1151 1593 1202 rexit
1627 1166 1695 1202 ex
1726 1152 1952 1205 historia»,
1982 1155 2101 1207 fide.
2168 1158 2310 1208 Male
2349 1164 2523 1225 antea,

1453 1228 1614 1293 Atque
1656 1228 1907 1282 Haterius.
1959 1232 2209 1284 Piobena.
2277 1235 2524 1302 conjece*

1452 1320 1563 1355 ram
1586 1305 1727 1372 olim,
1758 1310 1911 1373 AEque
1932 1308 2189 1374 Haterius,
2219 1311 2312 1362 sed
2350 1319 2411 1362 ut
2441 1319 2521 1364 at-

1453 1382 1616 1434 tendo
1647 1384 1808 1450 magis
1841 1385 1982 1436 facto
2015 1387 2094 1437 Π.
2116 1386 2296 1451 Silani,
2326 1403 2428 1438 non
2463 1388 2521 1439 id

1453 1465 1559 1508 tam
1584 1460 1736 1510 risum
1771 1463 2072 1513 merebatur
2102 1478 2255 1530 quam
2287 1465 2522 1530 indigna·

1453 1534 1679 1587 tionemt
1712 1535 1890 1602 itaque
1912 1537 1999 1604 qui
2021 1544 2197 1589 notam
2224 1553 2335 1590 eam
2374 1541 2523 1605 leget

1449 1612 1505 1663 in
1538 1613 1945 1679 Suspicionibus,
1980 1615 2030 1666 ei
2065 1622 2245 1666 notam
2275 1616 2522 1684 adponat,

1451 1682 1722 1753 amplexus
1741 1691 1946 1743 omnino
1970 1693 2261 1758 Lipsianam
2277 1694 2522 1747 emenda·

1448 1768 1663 1833 tionem,
1695 1774 1765 1820 At
1789 1771 1854 1827 Q.
1878 1770 2131 1821 Haterius.
2186 1773 2463 1824 Gruterus.

1516 1847 1652 1897 CAP.
1667 1851 1749 1899 58.
1779 1848 1847 1897 Ut
1864 1847 2033 1898 Asiam
2047 1852 2173 1899 sorte
2190 1849 2408 1913 haberet]
2430 1851 2520 1902 De

1448 1924 1546 1974 hac
1570 1924 1841 1974 sortitione
1863 1924 2060 1977 dictum
2078 1941 2234 1990 supra
2255 1941 2344 1977 ιιι.
2361 1931 2446 1977 32.
2463 1933 2523 1978 et

1447 2000 1571 2052 hinc
1594 1996 1751 2051 etiam
1789 2001 2015 2069 intelligi
2052 2009 2245 2069 potest,
2270 2004 2337 2054 de
2373 2011 2519 2055 sorte

1441 2077 1557 2142 jam
1594 2078 1869 2143 adquisita,
1902 2094 2006 2131 non
2049 2081 2258 2131 demum
2295 2079 2521 2132 fortun'ae

1448 2152 1628 2205 favore
1659 2156 1943 2207 obtinenda
1964 2158 2047 2208 hic
2075 2159 2191 2223 agi3
2224 2173 2347 2209 sane
2381 2156 2519 2208 enini

1449 2232 1723 2297 impudens
1767 2233 1893 2283 alias
1931 2241 2047 2284 erat
2085 2235 2423 2298 postulatum,
2456 2236 2520 2284 ut

1448 2307 1620 2359 Asiam
1634 2308 1771 2370 forte
1807 2309 2019 2362 haberet.
2084 2310 2271 2377 Neque
2292 2322 2521 2372 moveor,

1451 2385 1590 2449 quod
1632 2386 1828 2450 opponi
1872 2392 2066 2450 posset,
2109 2387 2153 2435 si
2198 2387 2519 2451 provinciam

1449 2461 1686 2512 obtinere
1721 2463 1973 2527 prohibiti
2011 2461 2234 2513 fuissent
2265 2461 2521 2527 flamineS,

1449 2552 1517 2587 ne
1538 2538 1747 2603 quidem
1772 2539 1839 2589 ad
1871 2544 2062 2589 sortem
2085 2539 2293 2590 admitti
2314 2538 2520 2589 debuis-

1449 2630 1524 2667 se.
1590 2617 1770 2666 Primo
1808 2615 1944 2666 enim
1985 2616 2235 2681 exemplis
2278 2621 2519 2665 veterum

1452 2692 1766 2757 ostenditur,
1802 2708 1891 2743 eos
1921 2694 2080 2758 ipsos,
2112 2693 2200 2759 qui
2233 2693 2287 2742 in
2309 2691 2520 2756 provin-

1453 2775 1559 2824 cias
1602 2772 1680 2823 ire
1733 2771 1983 2836 prohibiti
2038 2769 2268 2833 fuerant,
2309 2769 2521 2820 sortitos

1449 2849 1641 2912 fnisse5
1676 2850 1779 2899 imo
1800 2864 1868 2899 ne
1890 2848 2153 2914 prohiberi
2175 2847 2383 2912 quidem
2407 2852 2522 2910 pot-

1452 2928 1591 2977 uisse
1625 2941 1691 2976 ne
1734 2926 1891 2990 irent,
1930 2924 2027 2976 nisi
2064 2922 2290 2974 fuissent
2331 2921 2521 2975 sortiti.

1450 3004 1590 3054 Vide
1611 3001 1748 3053 infra
1768 3018 1824 3054 v.
1847 3008 1929 3054 71.
1996 3002 2203 3052 Deinde
2234 3001 2406 3066 potuit
2438 3014 2523 3050 ac·

1452 3080 1658 3145 cidisse,
1694 3087 1754 3130 ut
1785 3079 1955 3131 sortiti
1986 3079 2192 3144 quidem
2225 3085 2403 3128 essent
2431 3091 2522 3127 ne·
2584 3105 2603 3125 .

1450 3158 1591 3209 mine
1613 3157 1936 3223 prohibente,
1970 3157 2057 3207 vel
2085 3155 2206 3221 quia
2233 3154 2521 3219 provinciae

1452 3235 1592 3285 intra
1627 3234 1835 3285 Italiam
1870 3233 2078 3284 evenire
2121 3235 2331 3296 possent
2372 3229 2523 3295 (vide

1454 3311 1760 3361 Maecenatis
1780 3310 2066 3361 orationem
2082 3308 2138 3359 in
2153 3308 2326 3359 Dione
2340 3307 2376 3357 l.
2395 3304 2519 3372 ιιι.)

1453 3389 1538 3438 vel
1561 3388 1719 3438 etiam
1741 3388 1942 3438 incuria
1957 3385 2382 3448 caerimoniarum‚
2398 3397 2522 3449 qua-

1453 3479 1568 3516 rum
1590 3463 1793 3513 demum
1830 3463 2095 3513 admoneri
2127 3460 2408 3524 contigerit
2430 3460 2522 3510 ho·

1452 3541 1640 3604 mines,
1662 3556 1816 3607 quum
1840 3539 2081 3591 viderent
2113 3539 2167 3589 in
2200 3537 2523 3603 provinciam

1454 3616 1779 3684 profecturos
1801 3633 1907 3677 eos.
1926 3632 2052 3683 quos
2073 3617 2282 3667 minime
2313 3621 2522 3681 oporte-

1453 3695 1566 3760 bat,
1598 3695 1759 3746 etiam
1800 3695 2053 3759 fortassis,
2096 3700 2157 3744 ut
2198 3693 2280 3756 fit,
2324 3692 2522 3743 invidit

1454 3773 1726 3837 aperiente
1744 3772 1934 3824 oculos.
1969 3772 2186 3823 Freimh.
2250 3769 2521 3820 Freinshe-

1454 3849 1587 3898 mius
1610 3848 1823 3898 mirifice
1846 3845 2176 3913 παραφράζειε
2217 3849 2327 3896 Ser.
2350 3844 2520 3894 Malu-

1457 3925 1688 3988 ginensis
1713 3925 1800 3990 qui
1823 3922 2011 3974 flamen
2031 3923 2200 3973 Dialis
2225 3921 2333 3970 sive
2351 3933 2522 3969 sacer-

1456 4000 1549 4052 dos
1585 4002 1733 4053 Jovis
1756 4007 1888 4062 erat,
1922 3999 2220 4066 postulavit,
2249 4003 2309 4046 ut
2329 3996 2384 4045 in
2405 3993 2524 4044 Asi-

1453 4092 1558 4141 am,
1592 4092 1745 4143 quam
1787 4083 1901 4126 erat
1942 4075 2168 4138 sortitus,
2209 4072 2522 4123 mitteretur.

1455 4156 1691 4207 Putasne
1725 4154 1896 4205 Taciti
1928 4159 2152 4211 mentem
2170 4151 2306 4200 bunc
2333 4148 2526 4199 intelli·

1440 4234 1618 4298 gere?
1683 4232 1800 4282 Hoc
1832 4231 2016 4295 ipsum,
2036 4227 2091 4278 ni
2111 4227 2283 4290 fallor,
2316 4232 2524 4278 contro-

1456 4325 1663 4361 versum
1695 4314 1832 4374 erat,
1868 4322 1934 4360 an
1968 4311 2151 4374 posset
2183 4305 2457 4436 soi-tiribh.
2471 4317 2524 4355 e.

2240 4389 2304 4437 11
