3009 4942
504 422 681 503 4326

501 600 608 653 'Cui
652 599 795 651 mirae
828 606 882 650 et
920 597 1211 649 blandienti
1254 597 1487 665 opinioni
1530 598 1573 648 si

506 678 853 768 indulgemus,
923 677 1102 743 quidni
1149 676 1419 750 Ulissinga
1456 689 1573 725 nos·

509 762 596 806 tra
617 756 669 804 in
691 753 959 816 Zelaudia‚
995 752 1062 802 ab
1085 741 1269 802 eodem
1290 752 1394 802 sit?
1428 750 1574 817 quid·

507 833 559 881 ni
580 832 796 882 Circaea
813 845 844 879 a
866 830 1053 880 Circe?
1117 828 1224 879 Sed
1250 830 1370 879 vani
1402 835 1457 878 et
1479 830 1576 878 las-

509 909 630 974 civi,
672 923 875 971 vereor,
922 908 1063 958 lusus
1117 907 1207 957 isti
1245 907 1574 971 ingeniorum

508 993 667 1037 sunt:
703 986 890 1051 quibus
924 982 1099 1035 tamen
1138 984 1291 1034 hodie
1320 999 1574 1034 nonnemo

512 1063 818 1113 se'ostentat
835 1069 892 1112 et
911 1062 1163 1126 superbit.
1211 1062 1298 1114 Jo.
1320 1061 1574 1111 Brodaeus

508 1141 625 1191 liaec
670 1140 737 1191 de
780 1141 979 1205 Ulyssis
1019 1154 1197 1191 errore
1229 1139 1282 1188 in
1315 1139 1576 1189 Miscella-

508 1218 623 1267 neis
668 1218 797 1267 scite
848 1218 1111 1282 coarguit-x
1170 1216 1441 1280 Brodaeus,
1490 1215 1574 1265 vir

508 1293 619 1344 sive
643 1294 944 1343 adolescens
969 1294 1162 1358 potius,
1201 1293 1336 1361 acris
1367 1293 1579 1357 ingenii,

509 1369 664 1435 probi
677 1371 883 1435 judicii,
905 1371 1143 1422 lectionis
1175 1369 1399 1434 diffusae,
1421 1386 1576 1438 quem

509 1461 615 1498 non
654 1448 817 1513 magis
848 1448 899 1497 iu
934 1465 1024 1498 ore
1061 1449 1214 1499 famae
1253 1463 1365 1501 esse
1395 1450 1575 1513 miror,

511 1523 617 1575 imo
638 1524 893 1589 indignor.
932 1527 1068 1590 Lips.

585 1602 812 1667 Ulyxem]
877 1603 1149 1654 Habebam
1181 1604 1248 1654 de
1269 1605 1472 1668 Ulyssis
1494 1620 1576 1654 er-

512 1678 717 1730 roribus
760 1680 998 1745 qnaedam
1034 1685 1139 1731 non
1169 1682 1419 1747 vulgaria,
1457 1685 1574 1749 quin

509 1756 613 1806 huc
655 1757 1024 1821 adscriberem,
1069 1760 1160 1808 sed
1199 1760 1454 1811 deterruit
1493 1776 1577 1812 me

511 1831 631 1881 'cum
676 1833 855 1883 Bionis
897 1833 1033 1884 illius
1074 1836 1296 1902 antiqui,
1335 1843 1444 1887 tum
1464 1854 1579 1904 gra-

509 1907 707 1958 vissimi
742 1909 956 1960 Senecas
1003 1911 1314 1978 objurgatio,
1354 1930 1468 1979 quae
1511 1917 1577 1965 ad

513 1982 793 2034 Lucillium
818 1986 1013 2051 scripta
1033 1988 1190 2052 epist.
1217 1993 1296 2041 18.
1330 1991 1346 2020 ‘
1373 1991 1581 2042 Quaeris

514 2059 732 2125 Ulysses
769 2061 859 2111 ubi
898 2066 1154 2116 erraverit
1197 2069 1390 2132 potius,
1423 2085 1579 2134 quam

516 2135 730 2203 efficias,
752 2130 818 2189 ue
841 2155 937 2190 nos
952 2145 1161 2206 s'emper
1176 2147 1423 2196 erremus.
1459 2147 1583 2196 Non

513 2220 664 2265 vacat
688 2216 889 2281 audire,
928 2225 1100 2269 utrum
1130 2221 1270 2271 inter
1293 2222 1499 2273 Italiam
1524 2232 1582 2275 et

512 2292 741 2344 Siciliam
758 2295 992 2359 jactatus
1014 2298 1101 2363 sit,
1141 2315 1208 2349 au
1229 2309 1379 2352 extra
1401 2309 1580 2352 notum

511 2370 659 2421 nobis
680 2371 894 2423 orbem.
880 2391 892 2403 ·
927 2389 1098 2440 neque
1144 2378 1280 2428 euim
1318 2381 1489 2446 potuit
1527 2381 1579 2431 in

513 2450 623 2495 tam
656 2452 875 2512 angusto
921 2464 1069 2501 error
1101 2467 1216 2504 esse
1239 2461 1345 2506 tam
1365 2457 1578 2521 longus!

513 2521 767 2588 Polybius
798 2536 1084 2602 negaverat
1122 2528 1397 2596 Ulyssem
1383 2548 1579 2595 ingres-

514 2615 627 2650 sum
651 2601 963 2668 Oceanum,
985 2620 1141 2671 quem
1174 2608 1370 2660 refutat
1389 2611 1583 2662 Strabo

514 2674 602 2725 lib.
625 2688 667 2726 1.
701 2678 895 2729 Mirum
933 2688 1131 2747 tamen,
1154 2685 1252 2734 nisi
1273 2685 1340 2735 de
1374 2685 1477 2737 illis
1500 2702 1581 2737 er-

512 2754 715 2805 roribus
739 2756 996 2822 condigna
1018 2760 1107 2809 illo
1125 2776 1280 2812 versu
1304 2779 1396 2814 suo
1416 2766 1580 2830 scrip·

516 2840 660 2885 serat
703 2835 998 2889 Homerus:
1047 2840 1179 2891 Ἴσκε
1208 2840 1383 2906 ψεύδεα
1416 2844 1582 2894 πολλὰ

513 2908 673 2974 λέγων
690 2911 928 2974 ἐτύμοισιν
952 2916 1104 2977 dubia.
1158 2920 1369 2969 Colerus.

579 2988 659 3037 Ab
700 2990 784 3039 iun
841 2995 1153 3044 constitutum
1203 2998 1583 3064 nuntiantemque

515 3063 818 3130 ἀκρωίπριον]
850 3068 915 3118 In
934 3072 1217 3135 exemplari
1238 3073 1327 3123 illo
1343 3090 1459 3125 cum
1480 3092 1583 3142 quo

516 3143 836 3193 contuleram
858 3160 1028 3195 meum
1052 3147 1305 3211 codicem,
1327 3150 1403 3201 sic
1425 3155 1585 3219 scrip-

460 3257 467 3262 .
518 3224 628 3270 tum
648 3228 782 3285 erat,
800 3223 1109 3288 acriniprion.
1149 3227 1313 3292 Lego,
1325 3228 1586 3296 Ἀστυπύρ-

518 3314 645 3362 γιον,
663 3299 762 3350 hoc
780 3307 864 3350 est
866 3303 1257 3369 ,Astypyrgiom
1281 3314 1338 3358 ut
1358 3309 1585 3359 Ascibur-

511 3375 631 3438 gion
668 3376 791 3429 inde
826 3380 896 3431 sit
932 3381 1236 3448 deductum,
1261 3401 1363 3436 una
1381 3393 1584 3439 tantum

515 3452 717 3542 'syllaba
736 3462 956 3521 mutata,
986 3475 1083 3510 ceu
1104 3463 1257 3527 vulgo
1278 3463 1452 3515 facere
1474 3481 1583 3516 mos

518 3527 666 3578 'estin
694 3550 790 3582 nun
818 3536 1117 3587 intellectis.
1190 3539 1364 3589 Urbem
1381 3542 1585 3592 Graecis

522 3606 642 3654 ἅπτει
629 3610 940 3675 :significan
970 3619 1026 3665 et
1061 3613 1240 3679 πύργος
1270 3618 1445 3669 turrim
1476 3620 1584 3669 sive

518 3698 782 3746 prupugim
766 3686 930 3736 cassum.
1001 3689 1198 3740 Notum
1217 3698 1300 3742 est
1312 3684 1586 3759 Astypdeoe

518 3762 820 3810 vocabulum
866 3760 1084 3814 diversis
1117 3765 1292 3817 insulis
1316 3784 1377 3819 ac
1398 3772 1584 3822 civita·

518 3838 658 3886 tibus
706 3838 973 3890 tributum.
1060 3841 1334 3906 pyrgorum
1376 3861 1583 3913 quoque

518 3926 702 3962 flunmen
730 3922 904 3963 nutum
922 3930 989 3964 ex
1006 3916 1286 3982 Strabone,
1301 3921 1586 3989 Stephano,

522 3990 802 4038 Antonino.
874 3992 1039 4042 Porro
1078 4009 1181 4044 non
1221 3996 1422 4059 dubito,
1458 4001 1584 4064 quin

518 4066 738 4126 Burgum
762 4070 886 4118 illud
910 4069 1185 4121 Germanis
1210 4078 1314 4122 tam
1336 4073 1581 4140 frequens

522 4142 570 4190 iu
594 4145 1029 4206 appellationibus
1063 4149 1372 4212 oppidorum
1409 4158 1467 4202 et
1502 4169 1582 4202 ar·

522 4222 670 4278 eitun,
694 4222 818 4282 παρὰ
846 4221 905 4270 τὸ
919 4221 1102 4288 πύργος
1122 4226 1449 4293 desumptum
1472 4232 1542 4282 sit
1566 4248 1580 4280 t

522 4298 726 4354 quanda
766 4298 980 4362 majores
1000 4302 1163 4350 nostri
1184 4305 1345 4354 multa
1361 4307 1584 4356 vocabu-

522 4370 570 4418 la
598 4382 718 4422 stitit
742 4390 770 4422 n
794 4374 991 4427 Graecis
1033 4382 1275 4444 mutuati,
1300 4390 1358 4432 ut
1382 4393 1436 4434 et
1458 4380 1582 4436 n‘on-

610 4557 740 4650 h..

1205 432 1425 486 No'rAE
1470 432 1879 486 immotum
1928 435 2008 484 m

1648 599 1789 648 nulla
1808 612 1838 648 a
1860 597 2124 662 Romanis,
2159 613 2221 648 ac
2240 595 2304 648 ab
2328 593 2570 648 Hebraeis
2589 602 2717 662 pau-

1648 677 1767 726 cula
1786 693 1798 727 2
1823 691 1942 725 nam
1961 691 2138 726 omnes
2155 675 2308 726 hodie
2325 676 2516 740 linguae
2531 677 2714 724 mixtae

1648 758 1786 803 sunt.
1852 754 1968 804 Nec
1993 769 2114 803 vero
2146 753 2214 803 de
2249 753 2450 803 Graecis
2483 744 2718 817 vocibus,

1648 846 1776 896 quas
1804 828 2054 894 usurpant
2087 833 2141 881 in
2171 831 2446 881 vernaculo
2480 830 2715 880 sermone

1649 908 1918 971 Germani,
1960 903 2230 972 quisquam
2285 907 2576 969 mirabitur,
2626 904 2717 971 qui

1649 984 1911 1048 proditum
1937 983 2034 1033 hoc
2055 1000 2086 1034 a
2108 984 2175 1034 D.
2197 983 2519 1048 Hieronymo
2540 982 2718 1032 memi-

1650 1061 1789 1110 nerit
1831 1061 1883 1108 in
1926 1059 2314 1110 Traditionibus
2350 1060 2629 1110 Hebraicis
2661 1059 2716 1108 in

1650 1136 1896 1186 Genesin.
1961 1137 1977 1164 ‘
2001 1135 2296 1200 Legamus,’
2329 1135 2515 1200 inquit,
2548 1137 2564 1164 ‘
2587 1137 2718 1185 Van-‘-

1651 1216 1792 1266 runis
1815 1216 1883 1266 de
1914 1216 2310 1282 antiquitatibus
2327 1215 2503 1277 libros,
2527 1222 2583 1266 et
2599 1215 2719 1266 Asi-

1650 1293 1721 1342 nii
1741 1294 2030 1359 Capitonis,
2054 1301 2108 1344 et
2139 1295 2383 1346 Graecum
2405 1286 2717 1359 phlegonta,

1650 1375 1977 1436 caeterosque
1994 1363 2366 1420 eruditissimos
2386 1371 2542 1435 viros,
2565 1376 2624 1420 et
2646 1370 2719 1419 vi-

1651 1445 1887 1513 debimus
1929 1461 2064 1510 pene
2110 1461 2286 1496 omnes
2325 1447 2538 1511 insulaS,
2558 1441 2614 1497 et
2638 1452 2718 1496 to-

1650 1524 1751 1574 tius
1774 1522 1915 1573 orbis
1938 1524 2138 1587 littora,
2156 1531 2422 1588 terrasque
2446 1523 2577 1573 mari
2593 1520 2716 1572 vici-

1651 1614 1765 1664 nas,
1785 1600 1986 1650 Graecis
2020 1601 2209 1651 accolis
2241 1608 2568 1664 occupatan
2609 1600 2716 1666 qui,

1651 1682 1713 1727 ut
1753 1680 1910 1741 supra
1933 1678 2172 1742 diximus,
2195 1679 2259 1728 ab
2282 1677 2564 1729 Amano'et
2583 1679 2719 1728 Tau·

1653 1770 1711 1805 ro
1751 1754 2027 1819 montibus,
2077 1755 2246 1806 omnia
2301 1757 2563 1807 maritima
2603 1758 2720 1806 loca

1653 1846 1813 1896 usque
1836 1832 1901 1881 ad
1921 1831 2190 1883 Oceanum
2208 1834 2489 1897 possedere
2510 1833 2722 1883 Britan-

1652 1909 1864 1959 nicum!
1898 1910 2170 1960 Rhenanus.
2216 1910 2495 1975 Adjiciunt
2516 1905 2721 1976 vulgati

1656 1986 1899 2037 Graeeam
1944 2001 2123 2037 vocem
2149 2003 2163 2036 t
2219 1989 2603 2053 nominatumque
2642 1989 2723 2036 ἆσέ-

1654 2061 1916 2128 ἱειπῦργιον,
1939 2080 2089 2129 quam
2132 2077 2250 2114 cnm
2274 2065 2470 2129 Lipsio,
2511 2071 2572 2117 ut
2595 2067 2724 2130 glos-

1653 2156 1814 2203 sema,
1859 2141 2167 2205 praetermisi
2207 2158 2220 2191 z
2273 2143 2545 2206 praecessit
2584 2144 2722 2192 enim

1655 2232 1840 2268 nomen
1886 2218 2245 2280 Asciburgium.
2315 2218 2565 2269 Picbena.
2632 2220 2723 2269 Sei

1654 2299 1900 2361 'quentem
1944 2310 2125 2344 vocem
2179 2295 2543 2346 Graecanicam
2579 2296 2723 2346 recte

1656 2373 1829 2422 omitti
1851 2387 1965 2422 cnm
2001 2373 2112 2422 aliis
2130 2386 2334 2426 censeo.
2403 2371 2520 2422 Nec
2544 2372 2726 2423 deb‘nit

1654 2450 1929 2499 Rhenanus
1937 2449 2094 2499 etiam
2107 2456 2308 2499 mutare
2320 2450 2371 2499 in
2383 2442 2723 2514 ἂστυπύργιονέ

1657 2526 1797 2592 quod
1836 2541 1959 2577 sane
1992 2542 2090 2577 nec
2123 2528 2409 2591 cogitatum
2443 2543 2544 2578 nec
2566 2529 2725 2593 scripss

1657 2610 1769 2653 tum·
1791 2604 1993 2654 Tacito.
2027 2605 2321 2655 Marcianus
2341 2606 2722 2657 Heracleotes:

1655 2680 1789 2730 ’Eo-ri
1810 2680 1862 2731 δὲ
1885 2684 1973 2741 τῆς
1992 2682 2242 2747 Γερμανίας
2270 2682 2330 2732 τὸ
2350 2687 2501 2744 μῆκος
2521 2683 2725 2751 ἆρχόμε·

1657 2777 1739 2808 νον
1756 2758 1844 2820 μὲν
1859 2760 1952 2810 ἀπὸ
1969 2759 2144 2811 δύσεως
2164 2759 2245 2810 καὶ
2262 2761 2624 2828 Ἀσκιβουργίου
2641 2759 2725 2812 πό-

1654 2847 1791 2888 λεως.
1841 2841 2050 2890 Colca-us.

1724 2917 2122 2980 Monumentuque
2161 2921 2208 2966 et
2239 2918 2440 2967 tumulos
2480 2917 2727 2985 quosdam]

1657 2994 1842 3058 Vir-gil.
1865 2994 1918 3042 in
1944 2992 2150 3043 Culice:
2182 2994 2198 3022 ‘
2212 2995 2536 3059 congestum
2555 3011 2731 3046 cumu-

1658 3070 1791 3120 lavit
1811 3084 1980 3134 opus‚·
2000 3079 2157 3135 atque
2196 3087 2384 3136 aggere
2428 3075 2596 3125 multo
2617 3076 2732 3125 Tel·

1660 3148 1784 3197 luris
1808 3146 2031 3198 tumulus
2053 3147 2328 3200 formatum
2367 3152 2542 3201 crevit
2564 3152 2620 3202 in
2648 3168 2730 3203 or-

1657 3226 1807 3277 bem:
1849 3227 2018 3278 Quem
2053 3227 2250 3276 circum
2275 3228 2640 3294 lapidum-levi
2662 3229 2729 3279 de

1659 3319 1916 3354 marmore
1959 3302 2189 3354 formans
2222 3305 2483 3368 Conserit‚
2506 3305 2729 3356 assidnae

1660 3397 1799 3433 curae
1844 3381 2079 3431 memor!
2157 3383 2358 3432 Seneca
2404 3384 2591 3433 contr.
2633 3382 2730 3434 lib.

1661 3473 1759 3510 vu.
1783 3464 1834 3509 6.
1858 3460 1911 3508 iu
1934 3459 2068 3509 fine:
2104 3460 2121 3488 ‘
2138 3459 2288 3509 Inter
2321 3459 2601 3522 sepulchra
2621 3474 2732 3509 mo·

1660 3543 1907 3585 numenta
1941 3542 2062 3586 sunt
2090 3535 2124 3585 ε’
2158 3543 2213 3586 et
2235 3551 2320 3600 ep.
2342 3541 2427 3586 92.
2461 3538 2478 3564 ‘
2502 3552 2607 3587 uon
2631 3543 2733 3602 est,

1662 3611 1798 3677 quod
1822 3627 1913 3662 nos
1936 3613 2146 3663 tumulis
2171 3615 2426 3675 metiaris,
2444 3621 2503 3664 et
2520 3615 2602 3664 his
2625 3629 2732 3666 mo·

1658 3690 1936 3752 numentis,
1952 3702 2069 3752 quae
2091 3689 2229 3739 viam
2245 3688 2481 3754 disparia
2502 3698 2736 3755 praetex·

1659 3765 1791 3815 unt!
1844 3764 2071 3816 Pichena.

1627 3901 1636 3907 ,
1726 3842 1891 3906 Neque
1907 3842 2185 3907 confirmare
2199 3843 2520 3906 argumentis]
2554 3846 2734 3911 Scrip-

1658 3926 1742 3969 tus
1772 3921 1894 3970 ulim
1937 3921 2038 3970 Bil.
2074 3921 2417 3972 Pircbeimeri
2457 3924 2735 3990 adfirmare,

1657 3996 1715 4048 'ut
1738 3999 2026 4048 monuimus
2058 3998 2124 4047 ad
2170 3998 2287 4050 Liv.
2308 4011 2410 4048 xx.
2435 4004 2519 4049 13.
2575 4001 2732 4051 Gron-

1659 4087 1667 4093 ·
1724 4076 1890 4139 Neque
1927 4073 2164 4138 refellere]
2213 4076 2311 4124 Est
2335 4077 2476 4124 enim
2503 4077 2733 4143 antiquis

1656 4150 1757 4200 illis
1802 4152 2084 4202 Historicis
2126 4160 2185 4200 ut
2223 4165 2325 4200 non
2360 4158 2566 4203 temere
2589 4154 2733 4205 'fides

1655 4229 1911 4292 habenda,
1943 4230 2020 4278 ita
2063 4244 2162 4279 nec
2219 4229 2478 4280 demenda
2531 4233 2732 4282 statim.

1655 4303 1958 4357 Prudenter
2001 4307 2194 4356 Strabo
2235 4307 2326 4357 lib.
2371 4322 2496 4358 vm.
2541 4304 2644 4358 Ab?
2677 4308 2732 4358 δὲ

1658 4383 1763 4431 τᾶν
1783 4384 1997 4433 taillac&
2027 4384 2243 4449 ἱστοριόν
2260 4383 2447 4436 &obem
2482 4386 2647 4452 οὕτως,
2669 4386 2730 4436 ἅς
