3009 4942
826 433 1335 499 1.113.,v1.‚eAr.
1378 417 1488 486 1‘7.
1535 434 1967 491 ANNALIUM.

293 574 368 628 sit·
383 577 448 629 de
470 578 650 630 Tobia.
696 580 749 630 S.
772 581 994 631 Basilius
1017 583 1070 632 in
1094 582 1359 632 Psalmum

293 664 416 704 xlv.
451 656 763 707 Plutarchus
787 659 839 707 in
852 661 947 715 lib.
968 662 1075 726 περὶ
1093 664 1181 711 τοῦ
1192 662 1259 723 μὴ
1280 664 1360 710 δα-

290 730 547 795 νείζεσθαι.
616 735 770 785 Nunc
792 754 908 801 quae
933 755 961 787 a
981 741 1160 791 Tacito
1183 741 1358 789 dicun·

290 815 380 861 tur
392 812 693 875 singillatim
709 816 1105 867 consideremus.
1125 818 1360 866 Muretus.

287 887 394 937 Sed
419 904 684 939 nummum
709 907 808 940 non
844 909 956 942 esse
982 902 1087 944 rem
1111 897 1360 954 sterilem,

260 962 354 1011 *de
376 965 568 1017 Usuris
593 982 710 1030 cap.
748 973 797 1017 8.
837 984 936 1019 nec
972 970 1137 1021 foenus
1160 980 1360 1022 naturai

281 1040 578 1105 adversari,
595 1059 711 1107 cap.
730 1049 810 1094 lo.
824 1053 1008 1097 contra
1027 1048 1363 1098 Aristotelem

259 1120 480 1181 ‘probat
514 1118 788 1172 Salmasius.
853 1138 859 1143 ·

356 1196 511 1246 Υσίιιε
531 1199 639 1247 urbi
648 1198 846 1258 fenebre
864 1202 1061 1265 naulum]
1115 1201 1234 1252 Hoc
1252 1216 1281 1251 e
1301 1203 1358 1254 T.

282 1271 432 1322 Livio
474 1280 530 1323 et
568 1270 969 1327 Hal'icaruasseo
1006 1280 1246 1344 cognosci
1268 1295 1357 1344 po·

283 1354 411 1401 test.
451 1348 696 1405 Muretus.

294 1459 303 1473 .
345 1428 617 1480 Duodecim
638 1431 811 1482 tabidis
845 1435 1080 1499 sanctum]
1130 1436 1205 1488 At
1239 1453 1353 1488 eam

282 1509 611 1560 sanctionem
649 1512 827 1561 Livius
868 1515 934 1563 ad
968 1515 1045 1564 Μ.
1091 1515 1353 1567 Duellium

280 1584 433 1636 Trib.
459 1589 533 1650 pl.
558 1586 723 1637 refert
757 1596 876 1652 post
901 1605 1000 1641 ιιι.
1024 1592 1239 1657 tabulas,
1262 1595 1355 1644 ali·

273 1669 412 1725 quot
437 1664 602 1713 annis.
634 1665 751 1715 Lib.
772 1680 871 1716 vu.
905 1670 920 1698 ‘
946 1670 1005 1720 C.
1023 1671 1244 1735 Marcio,
1258 1675 1355 1728 Cn.

280 1739 490 1790 Manlio
512 1742 656 1791 Coss.
677 1744 742 1794 de
757 1747 986 1797 unciario
1009 1746 1205 1815 foenore
1230 1767 1261 1801 a
1277 1753 1355 1804 M.

279 1812 499 1867 Duellio
522 1818 825 1886 Tribuuopl.
863 1827 1063 1888 rogatio
1085 1833 1166 1877 est
1189 1830 1356 1892 perla-

277 1896 366 1942 ta·
424 1901 483 1945 et
507 1896 656 1959 plebs
686 1898 955 1964 aliquanto
978 1918 1092 1953 eam
1116 1906 1356 1971 cupidius

278 1971 459 2035 scivit,
481 1977 826 2041 accepitque?
857 1979 1070 2043 Lipsius.

287 2079 294 2097 ,
355 2048 790 2116 Unoiarioseuore]
839 2056 980 2108 Quid
1004 2058 1074 2108 sit
1092 2060 1357 2109 unciarium

263 2120 451 2188 foenus,
469 2127 679 2178 minime
697 2130 832 2180 inter
854 2148 910 2183 se
931 2138 1265 2185 consentiunt
1281 2137 1358 2186 in·

275 2207 569 2266 terpretes.
609 2208 824 2259 Carolus
846 2210 1087 2275 Sigonius
1108 2214 1172 2263 de
1196 2215 1358 2280 antiq.

268 2286 395 2350 jure
412 2288 630 2340 Roman.
653 2289 740 2340 lib.
753 2306 817 2342 11.
834 2308 881 2342 c.
899 2298 977 2343 ll.
1002 2291 1130 2342 illud
1148 2294 1213 2342 ad
1238 2308 1360 2345 cen-

278 2363 527 2414 tesimam
556 2364 742 2430 refert,
765 2369 818 2418 id
843 2376 942 2433 est,
965 2386 1082 2421 cum
1108 2386 1228 2435 pars
1250 2388 1359 2422 sor-

275 2439 349 2488 tis
373 2443 676 2492 centesima
695 2444 907 2509 singulis
945 2449 1204 2498 'iriensibus
1229 2465 1356 2514 pen-

276 2512 464 2568 ditur·
507 2527 693 2570 contra
713 2522 973 2583 Muretus,
998 2539 1093 2575 nec
1119 2541 1219 2576 nou
1247 2525 1354 2575 An·

277 2594 461 2644 tonius
485 2594 767 2659 Augustin.
803 2600 869 2650 de
901 2603 1122 2666 legibus
1137 2611 1193 2654 et
1214 2605 1269 2656 S.
1292 2606 1353 2656 C.

277 2667 563 2735 ’ad-legem
609 2673 833 2727 Duiliam
879 2679 1142 2744 Maeuiam,
1179 2682 1355 2732 uncia·

274 2747 408 2797 riam
435 2763 647 2800 usuram
669 2764 781 2802 esse
815 2756 1158 2819 contendunt,
1176 2766 1352 2809 ceute-

255 2824 464 2874 ‘simum
500 2841 761 2880 nummum
800 2831 853 2880 in
887 2836 1351 2900 annos'singulos:

277 2912 344 2948 ea
365 2902 595 2952 maxime
616 2905 815 2956 ratione
838 2907 982 2959 ducti
1005 2927 1019 2971 ;
1055 2911 1194 2975 quod
1217 2911 1353 2963 illius

278 2980 413 3045 legis
457 2986 706 3048 perlatio,
735 2989 751 3016 ‘
775 2988 900 3039 loeta
944 2992 1105 3056 plebi,
1144 2993 1355 3058 ingrata

269 3052 539 3123 'patribus'
576 3062 921 3130 divitibusque
960 3066 1139 3131 fuerit,
1174 3079 1233 3119 ut
1255 3076 1356 3120 tes-

280 3142 426 3186 tatur
470 3138 650 3189 Livius
690 3141 781 3191 lib.
826 3144 927 3193 νὴ.
994 3146 1125 3195 Mihi
1159 3147 1355 3212 sigonii

271 3212 542 3262 sententia
560 3216 724 3280 magis
745 3219 1011 3282 probatur.
1047 3221 1195 3273 Adeo
1218 3226 1354 3275 enim

276 3288 416 3352 apud
442 3289 686 3356 antiquos
707 3294 963 3346 Romanos
984 3297 1355 3352 foeneratorum

265 3364 506 3433 ‘saevitia
527 3378 787 3432 creverat,
830 3381 889 3423 ut
933 3375 1142 3426 minime
1183 3379 1359 3444 mirer,

278 3454 375 3503 pro
399 3450 560 3492 usura
596 3444 698 3494 levi
735 3434 914 3508 fuisse,
938 3465 1091 3502 unum
1111 3468 1211 3517 pro
1236 3470 1357 3505 cen·

280 3523 392 3567 tum
438 3516 495 3567 in
542 3522 802 3574 mensibus
858 3527 1091 3591 singulis.
1170 3529 1250 3582 Ac
1290 3532 1356 3582 de

280 3592 454 3644 usurae
514 3597 722 3661 quidem
780 3604 1109 3669 enormitate,
1162 3608 1356 3671 passim

279 3670 420 3734 apud
454 3674 681 3724 eundem
716 3677 921 3728 Livium
959 3683 1188 3747 querelas
1223 3684 1357 3735 sedi·

269 3747 556 3829 tionesque
591 3752 791 3813 plebis.
846 3760 1248 3829 praesertimlib'.
1273 3776 1354 3812 vr.

269 3812 371 3873 ‘se
433 3825 716 3892 multiplici
776 3830 889 3894 jam
950 3841 1094 3885 sorte
1154 3838 1355 3888 exsolu-

253 3902 356 3971 .²⁸²
378 3904 737 3966 mergentibus
776 3920 982 3973 semper
1004 3918 1200 3963 sortem
1238 3929 1357 3964 usu-

281 3976 373 4040 ris,
385 3979 632 4032 obrutum
647 3981 844 4035 foenore
863 4002 993 4038 esse.
998 3988 1104 4039 'Et
1116 3991 1254 4056 quod
1267 4008 1354 4043 ιιιι-

286 4053 494 4104 cim-inm
517 4055 680 4116 fmus
717 4061 857 4126 plebi
890 4061 1062 4116 fuerit
1073 4079 1254 4131 grave,
1276 4083 1354 4117 ar-

279 4138 532 4220 ‘gumento
574 4134 815 4201 sit,quod
844 4138 1034 4190 deinde
1075 4143 1141 4193 ad
1176 4158 1359 4195 semim

277 4202 485 4260 buriam
523 4211 791 4262 redactum
829 4213 951 4278 fuit,
986 4216 1169 4268 eodem
1204 4220 1357 4271 Livio

275 4287 454 4335 '‘teste.¹
511 4287 786 4339 Praeterea
816 4291 946 4342 satis
981 4300 1205 4358 constat,
1240 4298 1358 4347 soli-

281 4362 426 4415 tum
453 4358 877 4432 foeneratoribus,
912 4381 1097 4421 usuras
1142 4372 1359 4438 singulis

2320 416 2513 495 &41

1423 582 1700 652 *mensibus
1740 582 1969 655 exigere,
2006 586 2063 633 et
2090 582 2210 633 ideo
2248 585 2504 637 menstrui

1410 665 1711 711 'exactores
1745 658 1894 709 dicti.

1961 660 2099 709 Hinc
2133 660 2276 724 apud
2305 659 2505 712 Aristo-

1440 738 1656 800 phanem
1691 736 2027 800 irrNubibus,
2048 737 2258 801 qnidam
2289 730 2503 790 debitor

1437 813 1611 864 facete
1636 821 1786 879 optat
1824 817 2020 866 Lunam
2040 817 2173 867 coelo
2206 819 2503 884 detrahere,

1440 897 1597 954 atque
1621 904 1915 940 asservare:
1950 906 2067 941 nam
2083 893 2126 942 si
2158 907 2223 942 ea
2244 904 2502 960 nunquam

1438 968 1684 1030 oriretur,
1715 967 1758 1016 is
1797 983 2055 1032 nunquam
2093 984 2269 1019 usuras
2307 971 2506 1035 persol-

1440 1052 1587 1098 veret
1601 1036 1625 1093 τ’
1638 1052 1691 1095 et
1710 1046 1934 1096 Basilius
1958 1049 2008 1098 iu
2024 1048 2211 1097 Psalm.
2228 1061 2346 1118 xiv.
2362 1049 2455 1112 ait,
2468 1062 2503 1100 ο.

1439 1121 1758 1172 debitoribus
1785 1124 1953 1174 timeri
1978 1141 2193 1189 mensa,
2219 1127 2364 1176 velut
2388 1142 2505 1177 usu·

1437 1214 1605 1251 rarum
1648 1209 1840 1267 patres.
1907 1205 2044 1253 Vide
2068 1205 2408 1257 Plutarchum
2432 1207 2501 1258 de

1434 1278 1650 1328 vitando
1675 1294 1780 1329 aere
1802 1279 1991 1331 alieno.
2018 1283 2249 1333 ΡὶοΙιειιιι.
2266 1284 2503 1336 ‘Rectius

1431 1355 1675 1405 Muretus
1719 1363 1774 1408 et
1818 1356 1982 1408 Anto.
2020 1358 2362 1425 Augustinus,
2392 1361 2505 1428 qni-

1429 1431 1646 1482 buscum
1670 1434 1950 1484 concordat
1973 1442 2029 1486 et
2060 1435 2310 1499 Sigonius.
2364 1437 2502 1488 Vide

1428 1523 1544 1572 quae
1570 1510 1869 1574 scripsimus
1900 1509 2216 1575 Antexegesi
2239 1512 2410 1577 priore
2434 1513 2503 1565 de

1430 1588 1641 1638 Centes.

1432 1678 1485 1727 p.
1510 1669 1593 1714 68.
1632 1672 1688 1715 et
1713 1680 1856 1731 seqq.
1896 1667 2190 1719 Gronovius.
2264 1684 2271 1693 ·
2344 1680 2351 1687 ·

1479 1740 1627 1792 'Dein
1671 1744 1912 1805 rogatione
1958 1745 2239 1811 tribunicia]
2304 1748 2502 1801 Decem

1432 1818 1578 1869 annis
1602 1826 1722 1882 post
1743 1820 1885 1869 illam
1909 1820 2120 1872 Duellii.
2164 1824 2368 1875 Livius:
2400 1826 2417 1852 ‘
2439 1822 2500 1876 T.

1429 1896 1632 1945 Manlio
1667 1896 1957 1961 Torquato,
1994 1898 2057 1950 C.
2104 1900 2317 1950 Plautio
2355 1901 2499 1953 Coss.

1433 1973 1829 2024 semunciarium
1846 1981 2050 2027 tantum
2067 1991 2131 2028 ex
2155 1978 2388 2029 unciario
2410 1978 2505 2030 foe·

1431 2065 1525 2099 nus
1547 2049 1778 2103 factum?
1811 2053 2025 2116 fimitis.

1497 2128 1745 2178 Postremo
1775 2130 1924 2179 vetita
1943 2130 2163 2195 versura]
2218 2133 2359 2197 Lege
2399 2131 2507 2184 Ge·

1433 2206 1606 2269 nucia,
1641 2220 1734 2256 sex
1771 2208 1918 2257 annis
1954 2216 2076 2272 post
2111 2208 2353 2260 Duiliam.
2420 2206 2509 2261 Li

1434 2282 1548 2332 vius
1592 2283 1681 2333 lib.
1725 2297 1829 2334 vn.
1912 2284 2101 2350 Itaque
2138 2301 2280 2351 saepe
2320 2293 2506 2351 postea

1433 2361 1642 2411 multati
1667 2368 1787 2411 sunt
1817 2360 2171 2426 foeneratores,
2193 2364 2281 2428 qui
2315 2369 2371 2413 et
2408 2378 2502 2427 pu·

1433 2438 1713 2493 niebantnr
1734 2452 1887 2502 poena
1920 2438 2263 2504 quadruplici,
2285 2450 2401 2489 cum
2422 2436 2504 2490 fu-

1433 2528 1516 2564 res
1555 2522 1757 2564 tantum
1778 2514 1975 2579 duplici
2016 2516 2501 2568 condemnarentur.

1430 2592 1510 2642 M.
1533 2592 1687 2653 Cato,
1712 2591 1863 2641 initio
1892 2591 1967 2642 rei
2008 2592 2232 2644 rusticae.
2267 2594 2506 2646 Muretus.

1428 2669 1645 2719 Rectius
1682 2683 1856 2718 usuro.-
1908 2669 2045 2734 quod
2083 2668 2222 2718 idem
2262 2671 2504 2723 Muretus

1425 2744 1586 2796 credo
1612 2745 1791 2808 voluit,
1815 2747 1965 2810 cujus
2000 2745 2052 2795 iu
2087 2747 2221 2796 libro
2256 2748 2331 2797 sic
2344 2746 2504 2813 jugu-

1427 2823 1559 2872 latas
1602 2824 1797 2888 priores
1839 2823 2020 2873 literas
2064 2822 2259 2886 inveni,
2296 2839 2508 2877 versura.

1425 2898 1713 2951 Acidalius.
1800 2901 1962 2949 Error
2001 2899 2240 2950 Acidalio
2283 2915 2509 2952 commu·

1426 2977 1505 3026 nis
1530 2976 1841 3027 cum'doctis
1876 2976 2164 3027 bominibus
2198 2978 2391 3041 multis,
2413 2978 2505 3044 qui

1426 3070 1609 3120 parum
1633 3061 1908 3120 ceperunt,
1925 3054 2047 3120 qnid
2072 3062 2213 3105 esset
2235 3055 2502 3106 veteribus

1423 3147 1639 3196 versura,
1657 3134 1814 3183 etiam
1839 3138 2111 3197 postquam
2137 3131 2187 3181 id
2210 3131 2505 3196 planissime

1426 3208 1677 3260 docuerat
1718 3209 2013 3260 Salmasius.
2094 3209 2229 3257 Vide
2273 3207 2506 3260 Antexe·

1431 3286 1575 3350 gesin
1617 3285 1962 3350 posteriorem
2007 3301 2059 3350 p.
2105 3290 2218 3336 162.
2254 3292 2312 3336 et
2354 3301 2504 3353 seqq.

1433 3364 1721 3412 Gronovius.

1427 3441 1434 3445 “
1499 3438 1703 3488 Obviam
1740 3439 1862 3488 itum
1891 3437 2173 3505 fraudibus]
2245 3439 2503 3491 Fraudem

1431 3518 1686 3581 quomodo
1706 3515 1961 3581 facerent,
1983 3531 2101 3567 cum
2129 3517 2181 3566 in
2214 3517 2378 3567 socios
2415 3531 2505 3567 no·

1430 3593 1573 3649 mina
1628 3592 2056 3656 transcriberent,
2114 3608 2394 3657 cognosces
2437 3607 2508 3643 ex

1430 3671 1580 3719 Livio
1602 3670 1693 3720 lib.
1721 3683 1898 3719 xxxv.
1936 3671 2175 3720 Muretus.

1497 3748 1569 3798 Et
1607 3745 1905 3810 concedente]
1971 3747 2056 3797 Sic
2118 3745 2244 3796 ferri
2288 3751 2504 3810 potest:

1429 3826 1638 3876 mallem
1665 3831 1839 3874 tamen
1859 3860 1875 3889 ,
1906 3838 1959 3874 eo
1979 3815 2273 3873 concedente.
2318 3822 2472 3873 Pich.

1496 3903 1630 3954 CAP.
1651 3907 1734 3953 1⁷.
1758 3904 1897 3953 Duas
1912 3901 2107 3965 quisque
2117 3899 2305 3960 fenoris
2320 3897 2506 3963 portes]

1430 3979 1553 4029 Hac
1588 3978 1656 4029 de
1672 3993 1731 4028 re
1752 3979 1969 4029 Sueton.
2000 3976 2175 4026 Tiber.
2211 3979 2293 4025 48.
2356 3974 2373 4002 ⁴
2395 3975 2507 4025 Per

1428 4058 1625 4109 SCtum
1637 4057 1829 4118 sanxit,
1842 4062 1902 4105 ut
1913 4053 2234 4106 feneratores
2248 4053 2376 4103 duas
2392 4066 2509 4117 par·

1432 4141 1515 4184 tes
1537 4136 1589 4183 in
1601 4134 1714 4183 solo
1730 4133 2049 4183 collocarent
2070 4147 2083 4180 ι
2105 4130 2367 4180 debitores
2387 4129 2510 4180 toti-

1432 4212 1552 4261 dem
1571 4210 1689 4261 aeris
1713 4209 1868 4260 alieni
1889 4209 2065 4259 statim
2086 4207 2381 4259 solverent!
2416 4206 2505 4258 Sic

1433 4286 1638 4338 Plinius
1659 4300 1736 4339 vl.
1788 4285 1958 4350 Epist.
1982 4285 2047 4336 de
2071 4286 2263 4336 Senatu
2299 4298 2507 4335 suorum

1434 4373 1757 4433 temporum
1792 4365 1811 4427 ‚‘
1833 4362 2141 4419 Patrimonii
2162 4362 2514 4425 tertismpsr-

1687 1588 1866 1638 Usuris
1922 1594 1980 1638 et
2026 1588 2224 1640 foenore
2269 1591 2500 1643 unciario
2574 1638 2581 1648 .
