3009 4942
495 378 691 446 ’4254

493 538 663 600 ὐιιῑςί.
696 534 945 587 Pichena.
1008 533 1208 598 Vulgus
1225 492 1363 593 inter
1382 533 1578 600 ancipi-

1214 387 1432 440 1⁴04·AE
1479 386 1884 440 vammum
1932 390 2013 440 nt

1649 532 2039 585 suli'suffectum
2063 533 2227 587 refert
2246 536 2543 589 Caniniuin.
2578 530 2708 589 Pm-

491 618 591 667 ·tia
631 627 835 677 semper
872 611 1119 677 trepidat,
1149 614 1164 640 ‘
1188 612 1367 675 vulgus
1400 610 1576 661 formi-
1646 612 1812 675 cipuus
1853 614 2015 663 consul
2050 614 2237 665 Velleii
2290 615 2689 704 posteriore,ut
2646 617 2657 628 '
2690 643 2709 655 -

515 690 765 742 dolosum’
804 689 895 739 lib.
939 702 979 738 ι.
1014 687 1154 739 Anu.
1225 688 1300 738 At
1333 689 1576 738 Vitellius

517 767 664 834 quasi
686 767 874 816 bellum
906 782 1023 817 cum
1057 765 1351 815 Vitellianis
1381 766 1452 815 nil
1486 780 1579 815 sua

516 845 758 908 referret,
780 845 923 894 luxui
960 845 1034 894 sic
1058 861 1112 893 sc
1140 843 1376 908 dederat,
1409 851 1466 895 ut
1492 845 1580 893 ab·

489 946 498 955 ·
510 924 669 991 jectis
723 923 927 989 imperii
971 922 1126 984 curis,
1172 937 1270 972 nec
1315 923 1577 987 trepidare

514 1000 627 1065 (qui
645 1014 755 1050 mos
770 998 910 1064 vulgi
931 1015 1023 1063 per
1042 998 1224 1061 ardua)
1241 1000 1576 1050 meminisset.

516 1079 780 1143 Graphice
819 1078 1023 1142 ignavia
1064 1076 1259 1127 Vitellii
1298 1092 1580 1143 repraesen-

517 1164 679 1219 tatur,
700 1157 989 1220 dispeream
1014 1156 1056 1205 si
1080 1170 1192 1204 eam
1212 1155 1382 1219 pictor
1399 1157 1580 1206 melius

517 1234 855 1299 expresserit.
911 1234 1070 1282 Doct.
1105 1232 1201 1293 vir,
1223 1232 1277 1282 in
1315 1247 1395 1282 ore
1430 1232 1579 1294 vulgi.

513 1311 813 1362 Salinerius.

602 1390 665 1439 P.
722 1387 951 1437 Sabinum
1001 1386 1217 1451 proetorii
1279 1385 1579 1450 proefectam]

495 1463 732 1515 ‚Dubitat
763 1464 969 1528 Lipsius
1007 1463 1073 1513 de
1106 1463 1204 1513 hoc
1236 1463 1413 1513 Sabini
1451 1480 1580 1528 prae-

515 1541 743 1603 nomine,
765 1539 900 1604 quod
938 1553 1193 1603 nunquam
1230 1537 1389 1589 fuisse
1419 1541 1492 1590 ait
1527 1541 1580 1588 in

516 1616 698 1666 Flavia
726 1623 902 1679 gente.
969 1616 1044 1665 At
1064 1617 1332 1665 Mercerus
1349 1617 1400 1665 in
1424 1616 1580 1667 Notis

517 1694 751 1756 tradidit,
776 1702 919 1743 recte
942 1694 1196 1743 monuisse
1229 1695 1454 1743 Savilem
1478 1695 1581 1744 An·

520 1772 681 1835 glum,
713 1784 816 1819 non
859 1785 971 1819 esse
1016 1771 1151 1819 hunc
1188 1769 1452 1830 Sabinum,
1493 1772 1579 1835 qui

519 1845 803 1910 praefectus
826 1846 961 1908 urbi,
982 1853 1036 1895 et
1056 1846 1366 1909 Vespasiani
1398 1846 1580 1908 frater,

491 1922 611 1971 ,sed
635 1922 788 1970 alium
809 1937 874 1971 ex
896 1921 997 1971 alia
1020 1929 1193 1985 gente.
1247 1923 1396 1973 Idem
1420 1925 1579 1974 adno-

518 2000 625 2048 tavi
651 1999 805 2048 etiam
832 2013 988 2062 praec.
1011 1999 1101 2049 lib.
1127 2015 1174 2051 c.
1192 2005 1274 2050 92.
1323 2003 1548 2052 Pichena.

584 2078 716 2127 CAP.
741 2081 823 2127 37.
856 2075 1005 2127 Suum
1024 2079 1230 2129 dolorem
1254 2080 1579 2144 proferebant]

515 2153 673 2204 Unde
714 2156 848 2203 nain'
874 2154 957 2204 hic
1006 2155 1188 2206 dolor?
1251 2172 1317 2206 an
1364 2164 1580 2223 propter

518 2230 741 2281 Caecinae
786 2232 1149 2295 proditionem,
1202 2234 1579 2301 inclinatasque

515 2309 714 2358 Vitellii
741 2309 958 2372 partes?
987 2309 1088 2359 imo
1106 2311 1295 2375 potius,
1317 2312 1437 2376 quia
1460 2328 1578 2377 pro·

515 2385 643 2434 ditio
666 2400 767 2434 non
791 2393 1144 2436 successerat:
1176 2402 1294 2438 nam
1312 2389 1577 2452 Senatum,

515 2461 634 2511 odio
658 2462 877 2525 Vitellii,
899 2462 1110 2512 minime
1136 2465 1359 2514 alienum
1379 2466 1578 2529 Vespa·

515 2537 659 2588 siano
711 2537 888 2601 fuisse,
937 2540 1046 2604 jam
1104 2547 1214 2590 tum
1269 2542 1575 2608 apparebat.

513 2614 620 2664 Sed
645 2615 816 2665 verior
843 2631 1021 2666 sensus
1048 2617 1268 2681 videtur,
1290 2632 1377 2668 eos
1399 2619 1576 2669 dolore

513 2689 745 2756 affectos,
787 2701 1007 2757 propter
1057 2695 1399 2745 miserrimum
1445 2697 1575 2761 reip.

489 2772 729 2833 ‘statum‚
783 2772 835 2820 iu
889 2773 1071 2822 ‘talium
1119 2779 1435 2838 potestatem
1487 2773 1577 2823 de·

515 2843 692 2908 lapsae.
746 2847 834 2897 Sic
871 2847 1027 2911 infra,
1056 2849 1072 2876 ‘
1096 2856 1152 2899 et
1180 2850 1417 2916 plerique
1438 2850 1578 2901 haud

516 2920 737 2984 perinde
772 2924 1058 2988 Vitellium,
1102 2940 1253 2990 quam
1291 2941 1465 2976 casum
1503 2928 1576 2977 lo·

516 3010 737 3063 cumque
792 3000 1119 3064 principatus
1165 3001 1578 3054 miserabantur!

515 3071 747 3125 Pictam.

584 3153 709 3203 Cum
736 3152 884 3203 irrisu
912 3152 1188 3217 accipientis
1216 3153 1578 3221 tribunisque]

513 3225 688 3279 Aliter
707 3229 845 3280 Flor.
861 3232 1181 3296 mentisque
1201 3232 1577 3298 accipientisque.

515 3302 682 3355 Idem.

487 3418 492 3425 .
578 3381 920 3448 Blandis-etur]
959 3385 1356 3454 Castigavimus‚
1374 3386 1579 3439 eblandi-

509 3461 663 3506 retur.
730 3459 1027 3512 Rhenanus.

581 3533 778 3584 Romu
796 3536 1013 3598 Regulus
1032 3537 1146 3586 iniit
1164 3537 1478 3605 ςίειναυίίῳιε]
1512 3538 1576 3589 In

511 3612 616 3660 vol.
641 3611 852 3662 Corvini
875 3615 1012 3679 regis
1036 3620 1118 3664 est
1149 3623 1370 3681 tantum,
1402 3618 1579 3667 Rosius

513 3687 642 3750 Reg.
656 3689 788 3752 iniit,
805 3689 1024 3750 durwit.
1057 3691 1355 3745 Rhenanus.
1377 3695 1575 3745 Mutet.

513 3764 705 3816 Rosius.
771 3766 1057 3818 Acidalius.

578 3843 834 3907 Nunquam
866 3848 1007 3894 mea
1040 3859 1133 3894 non
1172 3845 1424 3909 abrogato]
1459 3846 1488 3877 ⁴⁸
1521 3847 1575 3897 in

512 3932 707 3981 paucas
759 3918 911 3970 horas
968 3923 1174 3985 petenti
1219 3921 1401 3972 dedit!
1485 3925 1573 3972 De

511 3994 697 4046 eodem
720 3995 987 4050 Plutarch.
1036 4001 1051 4027 ‘
1077 4000 1289 4049 Mortuo
1323 4001 1445 4049 Cos.
1468 4014 1575 4050 ma-

487 4068 644 4135 -jore,
696 4082 991 4138 quanquam
1034 4074 1191 4125 unica
1245 4075 1574 4140 magistratui

512 4145 625 4196 dies
647 4156 960 4212 superesset,
994 4150 1119 4202 Cau.
1159 4150 1418 4203 Rebilium
1452 4167 1575 4202 con-

511 4222 681 4273 sulem
701 4220 863 4276 fecit?
926 4228 1119 4277 Verum
1141 4229 1195 4277 in
1217 4243 1281 4276 eo
1307 4230 1574 4280 Plutarchi

515 4296 662 4351 locus
683 4295 951 4365 suspectus
965 4310 1068 4370 est,
1090 4305 1228 4371 quod
1245 4307 1429 4371 maiori
1449 4323 1573 4361 con-

1649 689 1806 750 signis
1844 689 2055 754 Virgilii
2091 705 2198 742 vu.
2244 693 2403 755 prior,
2441 691 2709 743 Ciceronis

1653 764 1966 817 Pisoniana:
2021 774 2077 818 et
2119 766 2271 829 maior
2313 769 2452 820 Plin.
2488 783 2595 819 vn.
2631 774 2713 821 48.

1653 843 1712 894 L.
1737 843 1924 893 Crasso
1946 844 2162 908 dicitur,
2182 845 2300 895 vel
2287 861 2349 907 ts,
2369 860 2534 910 penes
2559 860 2710 912 quem

1651 918 1817 970 fasces
1840 925 1980 982 sunt,
2002 922 2122 971 vel
2110 937 2168 987 ιι,
2199 922 2287 986 qui
2327 922 2473 987 prior
2507 927 2712 973 creatus

1654 997 1741 1046 sit.
1825 997 1881 1046 Si
1940 997 2170 1056 Fabium,
2236 1014 2355 1049 cum
2406 1006 2713 1062 moreretur,

1654 1074 1824 1124 fasces
1879 1076 2119 1126 habuisse
2180 1076 2490 1127 Plutarchus
2551 1077 2713 1139 novit,

1653 1151 1874 1217 ideoque
1890 1153 2111 1213 mnjorem
2134 1152 2303 1213 dixit3
2328 1154 2463 1202 bene
2494 1158 2605 1203 est:
2639 1154 2712 1202 sin

1654 1227 1840 1290 minus,
1899 1228 2067 1291 primo
2111 1230 2226 1278 loco
2268 1229 2461 1278 Fabius
2504 1234 2710 1279 creatus

1652 1318 1755 1352 uon
1779 1309 1956 1367 potest
1977 1305 2161 1368 videri,
2182 1304 2270 1370 qui
2299 1319 2471 1369 neque
2510 1310 2713 1354 creatus

1653 1388 1752 1429 est.
1796 1382 1857 1431 C.
1882 1381 2015 1430 enim
2042 1381 2214 1432 Julius
2231 1386 2512 1431 contentus
2536 1381 2713 1429 Dicta·

1655 1464 1784 1507 turae
1808 1464 2088 1522 potestate,
2117 1465 2354 1522 quartum
2389 1457 2710 1507 consulatum

1654 1533 1808 1582 titulo
1837 1541 1986 1583 tenus
2023 1534 2201 1597 gessit,
2233 1538 2389 1598 atque
2426 1532 2578 1587 binos
2598 1546 2711 1580 con-

1653 1611 1790 1660 sules
1819 1609 2089 1661 substituit
2118 1611 2233 1675 sibi,
2267 1609 2342 1660 ait
2373 1609 2715 1674 Tranquillus,

1653 1689 1743 1751 qui
1775 1697 1896 1738 sunt
1938 1688 2076 1752 apud
2114 1688 2333 1737 Dionem
2371 1689 2406 1737 Ι.
2430 1700 2598 1736 xant.
2648 1688 2709 1738 Q.

1656 1765 1842 1814 Fabius
1864 1772 1920 1815 et
1941 1765 2001 1816 C.
2023 1765 2325 1815 Trebonius.
2393 1765 2529 1814 Tum
2555 1764 2608 1812 in
2630 1765 2711 1813 illo

1656 1842 1828 1891 Caesar
1850 1844 2222 1906 praevaricatus
2261 1849 2362 1905 est,
2393 1845 2492 1891 διο.
2529 1841 2558 1869 ”
2596 1841 2712 1889 Cor-

1655 1918 1790 1967 nelio
1842 1919 2178 1984 scriptionem
2229 1919 2445 1983 probes:
2503 1933 2602 1982 ego
2649 1933 2710 1966 ex

1654 1997 2000 2060 superioribus
2044 1999 2330 2048 ostendisse
2370 1998 2573 2060 videor,
2610 2012 2712 2045 noa-

1653 2087 1886 2136 mmquam
1924 2075 2026 2139 legi
2062 2075 2281 2124 debere:
2318 2075 2548 2139 qualiter
2580 2073 2709 2138 apud

1655 2150 1926 2214 Papinian.
1979 2156 2063 2203 43.
2127 2152 2201 2202 D.
2269 2152 2333 2202 de
2401 2152 2707 2215 Religiosis:

1650 2224 1666 2251 ‘
1690 2225 1926 2277 strictam
1944 2228 2195 2280 rationem
2216 2230 2431 2293 insuper
2453 2229 2709 2290 habemus,

1653 2316 1768 2366 quae
1791 2317 2052 2369 nunquam
2070 2305 2123 2354 in
2141 2305 2392 2370 ambiguis
2411 2306 2710 2370 religionum

1653 2379 2018 2442 quaestionibus
2050 2381 2221 2431 omitti
2257 2383 2428 2433 solet!
2479 2383 2711 2433 Scriben-

1653 2454 1773 2504 dum
1818 2471 1933 2506 esse
1974 2473 2319 2522 nonnunquam,
2372 2460 2459 2509 alii
2513 2473 2709 2525 quoque

1652 2539 2045 2584 annotaverunt.
2117 2535 2414 2585 Vertmnius.

1720 2615 1839 2662 Can.
1888 2614 2107 2678 Rebilus]
2160 2616 2241 2666 De
2284 2631 2385 2681 quo
2430 2616 2560 2665 illud
2604 2617 2708 2666 Cic.

1650 2690 1784 2739 salse
1808 2690 2002 2740 dictum
2043 2699 2233 2756 exstat,
2266 2695 2282 2721 ‘
2310 2707 2467 2757 quam
2504 2693 2728 2756 vigilan--

1651 2773 1757 2816 tem
1776 2768 2021 2818 habemus
2056 2769 2336 2831 consulem,
2359 2769 2446 2833 qui
2465 2776 2579 2819 toto
2601 2783 2711 2819 con·

1650 2845 1847 2894 sulatus
1888 2845 1966 2894 sui
2004 2851 2239 2909 tempore
2285 2860 2521 2896 somnum
2555 2844 2707 2896 oenus

1652 2934 1753 2971 non
1778 2921 1960 2971 vidit?
2004 2921 2258 2972 Savmius.

1716 2999 1927 3047 Proemia
1947 2997 2323 3062 festinarentur]
2358 2999 2544 3049 Codex
2581 3000 2708 3050 Bud.

1650 3074 1823 3137 habet,
1855 3076 2162 3128 dictarentur.
2196 3077 2460 3142 Legerim,
2494 3077 2593 3128 ista
2635 3079 2709 3127 de-

1651 3158 1837 3203 rentur.
1900 3154 2193 3205 Rhenanus.

1717 3230 1850 3280 Car.
1899 3234 1983 3281 38.
2029 3230 2409 3294 Animadvertit]
2476 3232 2542 3282 In
2598 3231 2707 3282 cod.

1651 3307 1787 3357 Bud.
1812 3313 1912 3370 est,
1930 3309 2157 3360 advertit.
2188 3310 2487 3360 Rhenanus.
2524 3311 2709 3361 Muret.

1647 3384 1872 3434 advertit.
1938 3382 2143 3435 Acidal.

1721 3463 1817 3513 Ubi
1855 3468 2155 3526 aspernatum
2201 3464 2472 3528 Vitellians]
2528 3464 2709 3516 Foedus

1651 3540 1825 3605 lapsus
1867 3547 1979 3590 est:
2024 3541 2364 3607 restituimus,
2403 3542 2488 3591 nbi
2530 3557 2709 3606 aspere·

1649 3622 1752 3665 tum
1782 3616 1840 3667 V.
1906 3616 2204 3669 Rhenanus
2266 3631 2271 3636 ’

1716 3695 1828 3745 mic
1848 3694 2057 3753 infensus
2078 3695 2262 3760 Blaeao]
2293 3697 2423 3762 Nos,
2446 3698 2532 3748 ille
2566 3696 2715 3758 infen-

1650 3787 1730 3824 sus
1754 3773 1926 3823 Bloeso.
1990 3772 2156 3823 Idem.

1718 3852 1921 3899 Cassam
1952 3847 2238 3910 confusionis
2269 3851 2527 3916 qum-enti]
2560 3851 2709 3901 Volu-

1649 3941 1767 3976 men
1812 3925 2005 3989 regium
2056 3925 2217 3976 habet
2277 3940 2484 3992 aperte,
2531 3942 2708 3978 emm

1648 4003 1892 4067 effic-sionis
1911 4003 2161 4066 querenti.
2203 4003 2268 4052 Id
2292 4002 2532 4055 fortassis
2550 4003 2709 4068 accipi

1650 4086 1827 4144 potest
1848 4080 1915 4131 de
1935 4079 2109 4133 subita
2133 4081 2517 4145 provolutione,
2537 4096 2636 4147 qua
2654 4095 2705 4131 se

1649 4159 1712 4208 L.
1756 4156 1997 4208 Vitellius
2035 4158 2379 4208 calumniator
2424 4159 2480 4210 in
2525 4166 2705 4211 terrm

1649 4241 1773 4286 ante
1810 4233 1972 4298 pedes
2013 4232 2213 4285 Vitellii
2252 4236 2475 4286 Caesaris
2509 4232 2704 4289 effudit.

1648 4310 1722 4363 At
1734 4310 2021 4373 castissimis
2056 4312 2362 4369 vocabulum
2383 4314 2548 4373 etiam
2570 4326 2704 4367 usur·
