3009 4942
831 429 980 478 ma.
1029 428 1140 477 111.
1190 428 1354 477 cu.
1397 411 1508 503 28,
1557 429 2002 480 ANNALmM.

305 576 364 624 et
384 586 481 637 pro
502 572 614 636 visi,
635 578 691 623 ut
713 573 773 623 si.
811 575 1076 626 Muretus.

311 658 326 673 '⁴
383 651 488 700 Visi
524 655 562 699 a*
591 650 888 714 privilegiis]
924 653 1065 715 Lego
1105 653 1390 717 distinguo·

306 742 431 793 que,
451 728 602 777 inditi
625 732 860 790 custodes,
892 735 940 777 et
965 732 1067 791 Iege
1091 731 1243 793 Papia
1269 731 1392 793 Pop-

310 816 420 869 poea
437 806 655 869 proemiis
675 806 860 854 inducti
882 806 1145 870 (subaudi,
1166 811 1275 855 sunt
1317 806 1391 855 illi

310 880 556 942 custodes)
572 882 614 928 si
636 898 665 929 a
686 882 956 943 privilegiis
975 887 1225 944 parentum
1244 896 1391 931 cessa·

312 962 470 1007 retur.
501 986 504 987 ν
540 956 668 1018 Ant,
690 957 839 1006 sicubi
859 973 890 1005 a
926 958 1194 1021 privilegiis
1224 974 1396 1022 paren-

313 1038 422 1083 tum
464 1040 742 1083 cessaretur.
810 1033 937 1096 Aut,
964 1037 1176 1098 praemiis
1211 1036 1396 1085 inducti

314 1111 402 1161 vi:
438 1112 602 1161 veluti
627 1112 853 1174 praemiis
894 1112 1217 1175 cogentibus,
1271 1114 1398 1162 Rhe-

317 1204 488 1238 nanus.
517 1238 526 1247 ‚
555 1190 758 1238 Beatus
811 1190 863 1238 in
912 1190 991 1238 liis
1048 1190 1398 1251 emaculandis

317 1266 585 1329 ingenium
644 1266 855 1316 vexavit
910 1282 1090 1317 suum:
1149 1267 1397 1330 AEmylius

317 1344 520 1393 veritus
561 1349 660 1404 est,
699 1358 764 1391 ne
804 1343 1065 1409 quidpiam
1091 1345 1398 1394 Corneliano

321 1422 521 1485 scripto
564 1421 771 1469 deesset
794 1437 806 1469 :
857 1437 956 1484 ego
1007 1422 1080 1470 sic
1123 1422 1290 1470 locum
1332 1437 1399 1471 ex

323 1497 573 1562 opinione
597 1504 775 1547 nostra
811 1498 1005 1561 legenti
1044 1498 1095 1546 in
1134 1499 1288 1562 plano
1313 1513 1402 1562 po·

323 1589 427 1636 no3
464 1576 681 1639 praemiis
702 1575 905 1638 inducti,
927 1591 986 1625 ne
1014 1575 1056 1624 si
1077 1591 1108 1624 a
1131 1576 1403 1640 pririlegiis

321 1657 577 1717 parentum
622 1646 898 1714 cessaretur,
931 1654 1059 1702 velut
1100 1668 1272 1716 parens
1309 1669 1404 1702 om-

325 1735 461 1783 ⁷niam
478 1734 695 1796 populus,
717 1731 940 1782 vacantia
961 1738 1218 1782 teneretur.
1274 1733 1403 1782 Ver·

332 1808 548 1857 tranius.
584 1808 786 1858 Divisis
806 1823 920 1873 qnae
944 1808 1220 1858 oscitantia
1238 1816 1403 1858 trans·-

329 1885 645 1948 scriptorum
672 1886 724 1934 iu
757 1901 912 1934 unum
949 1886 1269 1949 coaluerant,
1287 1888 1335 1935 vi
1362 1888 1405 1935 si

332 1979 363 2011 a
402 1963 695 2027 privilegiis,
734 1963 821 2013 ubi
869 1979 1047 2029 quaeso
1098 1963 1404 2028 corruptio?

331 2041 426 2090 ubi
452 2040 742 2090 obscuritas
766 2042 784 2090 ?
851 2041 962 2090 Lex
983 2041 1151 2105 Papia
1173 2041 1410 2106 Poppaea

336 2118 585 2182 praemiis,
608 2123 662 2166 et
702 2118 864 2182 poenis
901 2117 1180 2168 inducebat
1204 2118 1269 2167 ad
1303 2133 1410 2167 ma·

338 2194 581 2244 trimonia
606 2195 989 2244 contrahenda:
1028 2209 1092 2243 ex
1130 2194 1295 2260 poenis
1316 2195 1411 2260 (de

337 2288 555 2339 quarum
596 2272 954 2323 moderatione
975 2272 1059 2323 bic
1085 2280 1284 2324 tantum
1309 2274 1415 2339 agi-

337 2349 451 2414 tur)
478 2367 580 2400 nna
603 2349 723 2415 fuit,
761 2366 826 2400 ne
849 2350 1062 2400 coelibes
1100 2356 1413 2400 testamento

333 2429 527 2479 ‘relicta
553 2443 741 2491 capere
768 2435 997 2492 possent,
1038 2428 1127 2477 sed
1154 2444 1214 2478 ea
1256 2430 1319 2478 ad
1347 2443 1414 2477 ω·-

343 2505 537 2555 tarium
575 2503 923 2554 deferrentur.
992 2505 1258 2554 Ina-itandis
1294 2507 1418 2554 coeli·

346 2582 452 2647 bum
473 2582 643 2646 poenis,
667 2589 713 2632 et
748 2585 961 2646 augendo
1000 2583 1170 2632 aerario
1187 2601 1203 2632 .-
1235 2584 1416 2649 quibu's

347 2660 541 2709 adtexe
584 2659 712 2710 Cod.
737 2660 802 2709 de
839 2659 1027 2709 infirm.
1053 2660 1237 2710 ·coelib.
1277 2676 1417 2725 poen.

346 2738 361 2765 ‘
387 2738 474 2803 qui
507 2738 632 2801 jure
658 2738 823 2787 veteri
848 2736 1059 2787 coelibes
1081 2736 1421 2801 habebantur,

350 2812 743 2864 imminentibus
777 2815 948 2878 legum
984 2814 1272 2865 terroribus
1296 2815 1423 2866 libe·

352 2900 553 2953 rentur,
573 2897 728 2956 atque
754 2891 828 2940 ita
851 2891 1046 2954 vivant,
1064 2906 1124 2940 ac
1144 2892 1187 2941 si
1205 2905 1421 2940 numero

350 2968 657 3018 maritorum
693 2967 1004 3018 matrimonii
1043 2966 1242 3018 foedere
1273 2967 1422 3019 fulci-

353 3051 575 3106 rentur-3
611 3048 780 3108 'sitque
815 3046 1047 3094 omnibus
1079 3060 1228 3110 aequa
1251 3045 1427 3095 condi-

355 3125 429 3173 tio
466 3121 796 3186 capessendi,
820 3123 955 3187 qnod
980 3123 1197 3187 quisque
1232 3128 1426 3173 merea*-

356 3198 482 3249 tur.’
554 3198 791 3264 Utraque
832 3199 929 3248 sibi
972 3198 1195 3248 invicem
1238 3198 1427 3263 praeln-

359 3282 502 3341 cent,
538 3292 636 3326 nec
701 3277 952 3326 osteriora
974 3277 1127 3340 vulgo
1164 3278 1289 3326 satis
1314 3286 1429 3339 per-

358 3363 550 3421 specta
572 3292 697 3407 sanz
714 3354 773 3404 τὸ
794 3356 842 3405 vi
865 3371 959 3420 pro
982 3365 1155 3420 poena,
1176 3357 1287 3407 sive
1311 3371 1429 3419 sup-

358 3434 547 3500 pliciis.
614 3434 834 3483 Terent.
872 3433 1100 3498 Adelph.
1134 3435 1151 3464 ‘
1192 3434 1296 3487 Qui
1337 3434 1430 3483 im·

362 3512 569 3577 perium
595 3511 815 3560 credunt
833 3513 1039 3574 gravius
1059 3524 1191 3575 esse,
1215 3518 1306 3562 aut
1329 3518 1433 3561 sta·

362 3589 519 3640 bilius
559 3590 613 3637 vi
636 3589 777 3654 quod
811 3588 892 3653 fit,
932 3602 1084 3654 quam
1123 3589 1253 3639 illud
1295 3589 1433 3654 quod

365 3665 599 3716 amicitia
632 3665 963 3729 adjungitur?
1030 3665 1181 3715 Ordo
1210 3666 1433 3731 denique

365 3744 644 3794 verborum
666 3748 893 3806 constat,
915 3757 1031 3791 nam
1060 3741 1207 3792 finita
1240 3744 1434 3807 digres-

367 3821 514 3870 sione
539 3818 606 3868 de
626 3817 824 3882 origiue
848 3832 1223 3883 progressuque
1245 3819 1436 3882 legum,

369 3895 539 3960 deque
563 3892 865 3943 custodibus
884 3892 1212 3957 abAugusto
1224 3893 1436 3956 additis,

371 3984 472 4039 quo
496 3972 613 4036 ipsa
634 3969 829 4019 firmius
851 3970 1268 4034 observarentur,
1283 3969 1439 4020 -redit

375 4051 440 4101 ad
464 4051 813 4100 narrationem
839 4050 988 4115 Legis
1000 4050 1204 4115 Papiae,
1221 4050 1439 4115 ejusque

377 4143 551 4194 poenas
594 4135 796 4177 tantum
841 4133 1096 4189 recenset,
1116 4127 1237 4193 quia
1272 4127 1440 4176 solum

378 4207 443 4256 de
465 4205 628 4271 poenis
650 4206 763 4270 ejus
783 4204 1071 4254 mInuendis
1096 4205 1442 4256 tractabatur·

375 4282 658 4334 munusue.
724 4280 862 4331 Illud
889 4281 1000 4345 visi,
1019 4282 1319 4331 mendosum
1342 4288 1443 4344 est,

2340 412 2518 513 aare

1461 582 1528 626 ut
1551 581 1691 626 totus
1709 575 1852 625 locus
1875 574 1952 624 ita
1973 574 2212 637 legatur:
2249 572 2452 624 Acriora
2474 586 2536 625 εκ

1467 670 1520 702 eo
1549 655 1756 716 judicia,
1795 656 2007 703 custodes
2042 653 2185 701 etiam
2234 653 2337 715 lege
2378 653 2540 719 Papia

1471 733 1679 796 Poppoea
1696 732 1911 797 praemiis
1934 732 2133 794 inducti,
2147 731 2242 780 nisi
2280 748 2311 780 a
2343 731 2537 797 privile·

1465 810 1566 872 giis
1602 816 1850 872 parentam
1883 815 2157 870 cessaretur,
2190 811 2269 871 ec.
2309 823 2426 858 nam
2447 823 2539 858 vo·

1472 898 1605 947 cem,
1628 887 1792 949 inditi,
1816 901 1882 933 ex
1921 900 2004 948 ea,
2036 901 2151 950 qnae
2196 884 2541 949 sequitui-,in-

1469 962 1619 1025 ducti,
1645 963 1925 1026 repetitam
1943 977 2056 1010 esse
2080 961 2330 1026 suspicari
2363 975 2540 1025 possu-

1471 1056 1600 1090 mus.
1663 1040 1877 1090 Ursinus.
1967 1039 2242 1102 AEgrotare
2290 1038 2372 1087 hic
2416 1037 2553 1088 mitit

1471 1115 1681 1165 videtur
1723 1116 1957 1179 Tacitus,
2008 1116 2164 1165 etiam
2220 1129 2335 1164 cum
2376 1112 2542 1178 Lipstt

1473 1192 1752 1242 medicina.
1823 1193 1976 1241 Prius
2022 1191 2450 1255 legebatur,visi‚
2484 1190 2541 1239 in

1475 1271 1620 1320 Man.
1646 1277 1802 1334 atque
1828 1269 2001 1319 editis.
2071 1268 2283 1318 Leviter
2322 1269 2409 1317 ille
2448 1268 2545 1317 im-

1473 1352 1665 1407 mutat,
1707 1345 1958 1410 facitque,
2004 1351 2057 1395 at
2109 1346 2172 1394 si.
2259 1345 2544 1409 Utcunque

1474 1430 1650 1474 tamen
1676 1423 2111 1486 sustinetur,'ideo
2133 1438 2245 1472 eam
2267 1423 2548 1473 lectionem

1477 1501 1673 1566 recepi.
1738 1503 1911 1552 Taciti
1960 1516 2102 1550 mens
2126 1501 2352 1565 videtur,
2388 1501 2548 1565 juxta

1475 1579 1640 1642 Lipsii
1663 1578 2172 1642 interpretationem:
2210 1579 2283 1628 Ut
2313 1578 2354 1626 si
2387 1577 2548 1627 homi-

1477 1671 1571 1705 nes
1618 1664 1883 1707 cessarent
1929 1671 1958 1705 a
1994 1656 2346 1720 matrimoniis,
2379 1668 2546 1720 neque

1477 1739 1718 1783 curarent
1739 1731 1853 1781 fieri
1887 1740 2100 1796 patres3
2138 1741 2260 1781 tnnc
2294 1729 2547 1796 quidquid

1479 1808 1542 1859 iis
1561 1810 1791 1875 legatum
1813 1815 1902 1858 aut
1919 1808 2155 1857 relictum
2172 1814 2328 1870 esset,
2341 1808 2552 1869 vacans,

1481 1884 1592 1934 sive
1631 1883 1900 1948 caducum,
1941 1882 2135 1949 quippe
2175 1891 2358 1934 contra
2394 1884 2551 1948 leges,

1480 1963 1960 2027 haberetur,atqne
2000 1961 2065 2011 ad
2101 1963 2346 2026 populum
2385 1960 2553 2027 publi-

1482 2052 1703 2107 cumque
1749 2042 1984 2091 aerarium
2029 2040 2409 2090 devolveretur.
2466 2038 2554 2086 1²2·-

1484 2119 1648 2168 chena.
1715 2118 2001 2167 Sententiae
2021 2130 2200 2166 cursus
2224 2130 2387 2180 prono
2406 2113 2555 2180 quasi

1486 2197 1635 2245 alveo
1672 2193 1885 2258 defluet,
1921 2194 1964 2243 si
2001 2193 2466 2253 emendaverimus,
2500 2197 2552 2240 ut

1486 2277 1530 2325 si
1567 2292 1598 2325 a
1632 2271 1924 2340 privilegiis,
1961 2272 2215 2338 quomodo
2253 2271 2556 2322 emendasse

1490 2355 1714 2419 aliquem
1738 2351 1963 2414 memini,
1985 2352 2074 2401 sed
2104 2352 2232 2416 quis,
2251 2357 2307 2401 et
2328 2351 2437 2412 ubi,
2452 2362 2554 2400 non

1489 2431 1715 2482 memini.
1742 2430 1995 2478 Gruterus.
2046 2428 2248 2491 Lipsius
2270 2428 2409 2490 olim,
2428 2427 2559 2476 Proe-

1489 2496 1601 2560 miii
1622 2509 1805 2558 inducti
1827 2514 1909 2556 aut
1932 2506 1975 2555 si
1995 2522 2024 2554 a
2042 2505 2320 2569 privileg-iis.
2379 2505 2561 2555 Mure·

1492 2593 1577 2637 tus
1602 2586 1857 2636 tentavit:
1894 2585 2079 2633 acriora
2112 2598 2173 2632 ex
2209 2598 2261 2632 eo
2300 2580 2560 2645 vincta,ju-

1492 2664 1637 2725 dicia,
1656 2664 1898 2713 custodes.-
1929 2661 2070 2710 etiam
2100 2662 2202 2721 lege
2223 2661 2283 2709 P.
2310 2660 2372 2711 Ρ.
2401 2659 2460 2709 P.
2485 2658 2561 2709 in·

1495 2742 1647 2805 ducti,
1676 2745 1729 2790 at
1753 2740 1796 2788 si
1818 2755 1894 2803 ap.
1921 2741 2001 2801 85⁶.
2062 2736 2303 2787 Nondum
2329 2742 2382 2787 te
2405 2750 2564 2802 expe·

1497 2819 1629 2879 dias,
1664 2817 1768 2865 imo
1802 2817 1962 2878 magis
1985 2814 2253 2877 impediaS.
2319 2813 2452 2862 Mihi
2490 2814 2567 2863 le.

1497 2895 1711 2944 sissima
1732 2893 2015 2942 mutatione
2033 2892 2107 2941 sic
2123 2891 2360 2941 videatur
2377 2892 2566 2955 aperti

1499 2976 1555 3020 ct
1581 2985 1707 3021 vera
1729 2969 1989 3019 sententia
2007 2967 2235 3018 confieri.
2281 2968 2484 3018 Acriora
2503 2982 2564 3023 ex

1500 3063 1552 3097 eo
1584 3052 1777 3097 cuncta.-
1810 3047 1987 3095 indices
2021 3045 2162 3106 odiis,
2200 3051 2247 3093 et
2284 3046 2386 3107 Iege
2411 3044 2565 3108 Papia

1506 3127 1713 3188 Poppaea
1734 3123 1945 3187 proemiis
1965 3123 2164 3183 inducti,
2182 3129 2236 3171 tet
2267 3122 2311 3169 si
2342 3137 2373 3171 a
2403 3121 2569 3183 pricil-

1502 3207 1586 3268 ξε.
1658 3203 1737 3251 Ex
1767 3216 1835 3263 eo,
1876 3214 2005 3264 cape
2045 3199 2261 3248 exinde:
2298 3205 2357 3247 ut
2377 3198 2567 3262 Virgil-

1503 3282 1520 3308 ‘
1550 3281 1631 3329 Ex
1666 3279 1764 3327 -nto
1806 3275 1972 3325 fluere
2018 3290 2078 3325 ac
2137 3282 2278 3326 retro
2330 3273 2572 3338 sublapsa

1505 3354 1695 3406 referri
1719 3354 1850 3418 Spes
1874 3352 2147 3402 Danaum!
2212 3352 2397 3401 Indices
2420 3356 2573 3400 vocat

1505 3433 1763 3483 delatores
1784 3436 1838 3480 et
1858 3436 2208 3492 accusatores,
2229 3431 2316 3495 qni
2348 3429 2573 3494 propriis

1506 3509 1657 3573 odiis,
1699 3512 1756 3557 et
1806 3521 1926 3555 mox
1967 3505 2194 3570 praemiis
2246 3508 2366 3571 lege
2403 3507 2575 3572 Papia

1509 3586 1753 3650 Poppaea‘
1803 3585 2103 3635 constitutis
2173 3585 2393 3635 inducti.
2492 3585 2575 3634 Ex

1506 3665 1663 3714 vincla
1684 3660 1792 3711 feci
1814 3667 1999 3713 cuncta.
2065 3664 2145 3712 Ex
2171 3664 2318 3713 inditi
2347 3666 2578 3725 modes,

1506 3741 1687 3791 indices
1713 3739 1852 3788 odiis.
1921 3740 2052 3792 Quae
2085 3740 2169 3790 hic
2193 3742 2269 3792 vis
2296 3747 2385 3791 aut
2419 3740 2573 3791 auda·

1511 3817 1628 3867 cia?
1661 3814 1927 3866 Acidalius.

1584 3889 1838 3954 Vacantia]
1872 3890 2204 3955 Deficientis,
2231 3892 2442 3945 caduca.
2508 3894 2580 3945 E-

1516 3973 1632 4019 rant
1654 3973 1826 4017 autem
1866 3968 2079 4031 praemia
2112 3968 2401 4019 delatorum
2440 3970 2578 4022 ultra

1515 4052 1744 4113 quartas.
1813 4044 2026 4095 Sueton.
2055 4045 2106 4093 in
2132 4045 2261 4094 Ner.
2286 4049 2365 4096 10.
2401 4047 2582 4098 ‘Prae-

1515 4125 1620 4175 mia
1642 4124 1930 4175 delatorum
1968 4121 2150 4184 Papiae
2184 4121 2314 4185 legis
2336 4123 2401 4173 ad
2432 4138 2583 4192 quar·

1518 4207 1597 4253 tas
1619 4198 1858 4266 redegit!
1890 4199 2126 4249 Muretus.
2394 4204 2398 4211 ·

1526 4302 1535 4311 ‚
1576 4279 1805 4328 canae.
1825 4274 2107 4339 capessendi
2122 4273 2481 4338 vigintiviratus
2494 4278 2582 4327 sol-

380 4372 584 4430 proque-
605 4356 977 4425 eoDanesius,
1006 4358 1119 4424 nisi,
1137 4356 1454 4426 reponebat,
1522 4352 1738 4419 veretur]
1764 4351 2102 4418 vigintiviros
2121 4354 2324 4417 aperuit
2340 4354 2487 4406 nobis
2508 4366 2589 4406 sc-
