3009 4942
462 406 638 512 421‘2

457 604 654 667 diosus,
685 602 822 670 quod
844 603 912 655 de
935 603 1199 659 Androclo
1220 609 1374 660 Daco
1395 608 1524 661 Gel-

456 682 532 732 lio
571 682 823 746 scriptum
867 690 950 733 est
983 684 1019 734 l.
1059 698 1116 735 ν.
1156 689 1238 739 14.
1272 685 1388 736 Cic.
1425 701 1524 752 pro

452 753 649 810 «Roscio
688 759 872 811 Amer.
918 759 935 789 ‘
959 762 1255 813 Noluerunt
1295 763 1522 829 majores

459 837 587 889 feris
625 853 814 904 corpus
851 840 1084 904 objicere
1103 840 1137 890 :’
1161 847 1218 893 et
1254 841 1522 906 Lampriii'.

459 916 513 964 in
538 915 735 985 Comm.
790 916 807 945 ‘
842 915 1162 969 Adolescens
1184 933 1334 969 omne
1358 933 1521 984 genus

457 993 732 1047 infamavit
778 998 1037 1048 hominum
1080 1004 1137 1049 et
1178 998 1245 1050 ab
1288 999 1522 1050 omnibns

457 1080 542 1124 est
565 1073 860 1138 infamatus,
894 1076 1171 1129 irridentes
1198 1092 1254 1128 se
1277 1076 1401 1129 feris
1431 1077 1522 1128 ob-

448 1148 626 1214 jecit?
673 1152 979 1217 Spartianus
1012 1155 1063 1204 in
1097 1156 1307 1219 Severo,
1336 1154 1353 1183 ‘
1386 1156 1521 1206 Nar·

451 1223 647 1279 cissum
683 1231 872 1283 deinde
923 1233 1193 1285 Commodi
1231 1235 1524 1298 strangula-

456 1312 625 1357 torem
680 1309 916 1359 leonibus
969 1309 1204 1376 objecit?
1267 1313 1284 1340 ‘
1326 1310 1522 1378 Subjici

456 1381 604 1433 feris'
641 1382 774 1435 dixit
811 1386 1023 1437 Sueton.
1048 1387 1161 1439 Cal.
1194 1392 1276 1441 21.
1342 1388 1525 1439 Omni·

457 1458 554 1509 bus
585 1466 710 1510 nota
745 1469 827 1512 est
862 1462 1018 1512 Vedii
1056 1463 1307 1515 Pollionis
1341 1465 1524 1514 crude-

455 1537 597 1599 litas,
620 1538 708 1602 qui
744 1534 923 1589 seruos
962 1540 1031 1590 ol)
1069 1540 1334 1604 minimum
1367 1542 1526 1593 delic-

460 1618 569 1663 tum
610 1614 663 1662 in
701 1614 901 1665 vivaria
933 1630 1277 1667 muraenarum
1320 1618 1524 1669 immer-

457 1688 636 1753 gebat.
669 1686 855 1742 Senec.
872 1692 909 1741 l.
927 1705 1015 1742 m.
1039 1692 1106 1743 de
1129 1692 1220 1743 Ira
1239 1697 1322 1743 40.
1360 1694 1521 1745 Aliud

457 1771 574 1815 erat
585 1766 636 1814 in
646 1765 823 1816 ludum
834 1769 1177 1831 venatoriam,
1188 1768 1319 1821 ἀφ’
1334 1769 1524 1835 Lupa.

449 1841 705 1892 Similiter
739 1849 921 1907 postea
950 1845 1318 1898 Constantinus
1349 1855 1522 1913 pater,

455 1933 553 1983 per
586 1918 747 1969 filium
770 1921 964 1971 attritis
985 1921 1307 1987 Alemannis,
1340 1924 1428 1990 qui
1467 1926 1523 1975 in

449 1993 658 2044 Italiam
669 1995 980 2060 irruperant,
990 1997 1218 2061 ipsorum
1238 2014 1387 2065 reges
1401 2014 1523 2066 cap-

456 2077 537 2121 tos
581 2074 883 2137 spectaculo
922 2074 1103 2125 bestiis
1133 2075 1376 2141 objecitt‘
1400 2092 1520 2143 quae

455 2153 607 2198 vetus
631 2150 898 2200 noxiorum
929 2152 1189 2203 hominnm
1213 2168 1367 2218 poena
1399 2154 1519 2205 fuit.

454 2224 722 2292 Siquidem
743 2228 881 2292 apud
918 2227 1228 2280 Pausaniam
1268 2231 1357 2283 lib.
1381 2246 1422 2281 1.
1447 2234 1520 2283 le-

450 2304 606 2369 gitur,
654 2307 985 2370 Lysimachus
1029 2308 1256 2359 Macedo
1292 2307 1520 2360 Alexan·-

444 2380 532 2430 dri
575 2384 806 2445 satelles,
849 2384 903 2432 in
948 2384 1165 2435 eandem
1209 2401 1327 2436 cum
1366 2387 1518 2438 leone

442 2472 665 2509 caveum
704 2459 862 2525 objici
895 2462 1032 2525 regis
1074 2461 1151 2511 ira
1177 2462 1389 2527 jussus:
1425 2464 1518 2513 sed

448 2546 567 2584 cum
592 2535 809 2585 bestiam
834 2551 865 2585 a
890 2538 1195 2603 Lysimacho
1234 2540 1519 2605 interemp-

439 2615 555 2661 ‘tam
578 2626 670 2661 rex
693 2612 936 2677 audisset,
963 2614 1060 2663 viri
1079 2623 1334 2680 perpetua
1356 2616 1518 2666 admi-

445 2686 652 2741 ratione
711 2692 961 2743 virtntem
1036 2702 1345 2759 prosecutus
1416 2701 1517 2748 est.

441 2764 629 2817 ³Romae
674 2783 799 2818 vero
842 2771 1035 2834 Scipio,
1074 2773 1316 2836 exemplo
1353 2774 1517 2838 patris

443 2843 525 2893 sni
559 2845 752 2895 AEmilii
789 2847 984 2909 Paulli,
1005 2852 1106 2898 &c.
1141 2848 1172 2879 ⁴¹*
1207 2849 1408 2900 Plinius
1448 2851 1518 2900 de

445 2921 752 2972 chalcantho
787 2937 995 2988 qnoque
1055 2924 1148 2975 lib.
1186 2939 1387 2977 xxxiv.
1435 2932 1517 2979 12.

437 2996 648 3047 scribit.
714 2997 870 3049 Quod
903 3013 1025 3049 vero
1070 3006 1316 3065 tanquam
1354 3003 1517 3054 invio-

443 3071 590 3122 labili
632 3073 834 3122 Marico
854 3072 1003 3138 ferae,
1042 3076 1230 3140 quibus
1254 3077 1516 3143 obJectus,

446 3163 546 3201 nec
584 3148 806 3198 laniatus
847 3156 984 3209 erat,
1024 3150 1388 3204 humanissime
1411 3155 1517 3220 ‘pe-

443 3222 763 3288 percissent·
801 3241 867 3276 an
911 3227 1101 3281 iterum
1145 3227 1307 3294 infligi
1339 3247 1513 3296 poena,

445 3301 651 3353 aliudve
674 3317 834 3365 genus
868 3304 1050 3354 mortis
1089 3305 1306 3371 irrogari
1328 3307 1518 3360 debue-

438 3381 517 3431 rit
538 3397 569 3431 a
591 3380 864 3445 Vitellio,
841 3383 976 3447 Juris
1004 3385 1222 3448 quaestio
1245 3393 1340 3450 est,
1362 3388 1512 3451 cujus

439 3450 646 3508 Seneca
679 3459 970 3523 exemplum
995 3458 1181 3523 refert,
1201 3463 1443 3513 Declam.
1461 3468 1513 3513 8.

445 3532 538 3582 lib.
561 3548 600 3582 1.
628 3534 718 3583 sed
742 3534 853 3597 ejus
883 3534 1119 3585 definitio
1154 3537 1322 3589 locum
1358 3540 1514 3590 alium

444 3603 696 3672 postulat.
738 3609 1034 3660 Vertranias.

439 3698 446 3709 ·
511 3685 644 3736 CAP.
656 3690 738 3736 62.
772 3685 830 3735 Si
844 3687 1048 3735 luxuriae
1066 3691 1371 3755 temperaret]
1393 3693 1513 3743 Non

441 3763 655 3815 dubium
696 3774 798 3827 est,
843 3767 968 3830 quin
1007 3767 1240 3830 Tacitus,
1284 3770 1512 3834 luxuriae,

443 3841 732 3904 scripserit,
786 3848 843 3890 ut
896 3841 1053 3892 habet
1111 3844 1344 3907 Elor.ent
1389 3861 1512 3910 non,

436 3908 740 3980 haurienti,
750 3927 808 3968 ut
847 3916 1064 3983 vulgati.
1130 3920 1217 3971 Sic
1249 3921 1372 3970 alibi
1396 3926 1512 3970 tem-

365 3982 384 3995 *
436 4008 607 4060 perure
648 3997 904 4060 felicitati,
959 4001 1189 4063 victoria»,
1243 4002 1513 4067 lachrymis,

441 4075 711 4140 dolorum.
747 4077 993 4127 Pichena.
1037 4079 1235 4127 Muret.
1282 4078 1514 4127 luxuriae.

447 4150 588 4200 Nihil
626 4141 880 4202 interest:
918 4153 1010 4202 sed
1056 4153 1153 4203 hoc
1196 4155 1512 4218 elegantius,

447 4230 503 4275 et
531 4226 690 4289 magis
711 4228 764 4275 in
787 4229 957 4278 Taciti
980 4245 1091 4279 usu.
1125 4230 1391 4281 Acidalia-s.

514 4301 815 4367 Inexplebc’lis
849 4305 1019 4371 libido]
1049 4306 1187 4358 Vide
1212 4307 1360 4360 Suet.
1385 4307 1510 4359 ·vit.

1103 453 1125 463 ”
1157 462 1375 513 No'rAE
1435 461 1839 514 VAmomJM
1889 464 1967 513 m

1599 623 1646 661 c.
1671 611 1754 661 18.
1796 608 1950 663 Savil.

1666 689 1751 737 Ex
1789 689 1906 739 urbe
1952 694 2090 754 atque
2152 687 2299 738 Italia
2357 682 2660 738 momenta

1593 764 1748 830 ἔνια]
1809 765 1987 817 Simile
2027 767 2096 818 de
2139 768 2351 818 Nerone
2396 764 2661 823 Ann.1V.

1598 847 1682 894 87.
1725 845 1742 872 ‘
1781 844 2033 894 Volucres
2068 848 2132 894 et
2182 843 2324 895 feras
2378 843 2598 895 diversis
2631 855 2663 893 a

1601 923 1773 986 terris,
1805 930 1863 974 et
1900 921 2139 973 animalia
2170 923 2328 973 maris
2359 921 2573 972 Oceano
2595 918 2662 970 ab

1599 1013 1762 1065 usque
1790 997 2054 1064 petierat?
2117 997 2300 1048 Genus
2332 997 2473 1047 istud
2507 996 2665 1047 homi-

1597 1089 1722 1125 nnm
1792 1076 2007 1140 sugillat
2070 1074 2274 1125 Seneca
2354 1076 2515 1139 epist.
2579 1074 2661 1124 60.

1598 1152 1615 1181 ‘
1649 1151 1910 1205 Quamdiu
1947 1152 2097 1202 unius
2128 1166 2325 1202 mensas
2346 1151 2666 1204 frumentum

1597 1229 1763 1279 multa
1788 1229 2017 1294 navigia,
2056 1236 2113 1280 et
2131 1229 2336 1295 quidem
2354 1243 2459 1279 non
2475 1243 2544 1279 ex
2564 1242 2663 1279 uno

1592 1305 1727 1356 mari
1749 1306 2091 1357 subvehent?
2122 1305 2198 1356 ita
2225 1306 2434 1371 quidem
2457 1306 2510 1356 in
2535 1304 2664 1365 edit.

1597 1385 1739 1451 vulg.
1778 1385 1872 1435 sed
1905 1384 2023 1435 libri
2061 1385 2260 1435 calamo
2284 1384 2492 1435 exarati
2529 1381 2663 1432 suffi-

1598 1460 1743 1511 ciunt
1780 1460 1928 1512 nobis
1967 1450 2368 1521 instmnientmm
2402 1461 2544 1526 qnod
2565 1473 2665 1526 ego¹

1598 1540 1868 1604 amplexus
1905 1553 2018 1589 snm
2037 1538 2090 1587 in
2114 1535 2665 1589 Animadversionibus

1597 1616 1757 1678 meis;
1796 1616 1972 1667 nescio
2014 1630 2169 1682 quam
2221 1614 2483 1677 feliciter3
2535 1628 2665 1680 pugo

1596 1699 1755 1743 nante
1797 1707 1893 1758 pro
1937 1698 2155 1757 recepta
2210 1692 2440 1764 lectione
2477 1690 2663 1744 critici

1597 1771 1819 1820 Senatus
1857 1770 2115 1835 principe,
2149 1770 2235 1820 cui
2273 1784 2413 1819 nunc
2433 1768 2558 1818 nihil
2583 1784 2666 1819 re-

1596 1846 1846 1910 spondeo,
1879 1847 1978 1896 nisi
2013 1847 2135 1909 hoc,
2168 1861 2268 1896 non
2292 1859 2451 1910 agere
2474 1843 2663 1896 coloci

1594 1922 1848 1973 Senecam
1892 1922 1960 1972 de
2002 1923 2019 1952 ‘
2058 1923 2214 1973 turba
2259 1935 2546 1984 servorum,
2595 1919 2662 1970 ad

1590 2012 1725 2065 ⁴quos
1767 1999 2055 2064 pascendos
2092 1999 2551 2049 transmarinarum
2586 2012 2664 2047 re·

1595 2077 1805 2143 gionum
1861 2085 1943 2127 est
2001 2077 2231 2142 optanda
2285 2073 2548 2138 felicitas,'
2602 2081 2662 2124 nt

1593 2155 1731 2205 idem
1755 2155 1984 2221 loquitur
2016 2155 2189 2218 Epist.
2216 2158 2295 2205 17.
2331 2154 2425 2204 sed
2462 2168 2562 2203 nec
2592 2151 2663 2202 ‘dc

1593 2231 1871 2282 immodica
1892 2231 2150 2280 hominum
2175 2230 2488 2295 cupiditate,
2509 2236 2662 2295 quam

1590 2308 1933 2373 reprehendit
1954 2309 2125 2374 Epist.
2150 2312 2263 2358 114.
2314 2307 2474 2359 vQuid
2500 2305 2662 2373 ergo?

1586 2383 1662 2435 ·de
1705 2385 2055 2435 conviviorum
2107 2386 2339 2435 luxuria:
2395 2400 2514 2434 nam
2570 2398 2664 2435 cur

1592 2460 1709 2511 heic
1766 2461 1956 2512 iterum
2008 2464 2299 2513 inculcaret
2340 2462 2663 2527 frumentum,

1586 2528 1712 2587 ‘cum
1762 2540 1997 2602 proxime
2052 2539 2278 2601 dixerit3
2336 2540 2353 2568 ‘
2401 2541 2662 2591 Quamdiu

1591 2615 1879 2666 sationibus
1953 2616 2283 2681 implebimus
2357 2630 2661 2681 magnarum

1593 2690 1800 2741 urbium
1832 2693 2083 2756 campos?
2117 2692 2365 2761 quamdiu
2403 2693 2549 2742 nobis
2576 2706 2664 2757 po·

1588 2769 1767 2861 pulus·
1786 2768 2001 2820 metet?
2066 2770 2264 2820 Verum
2300 2768 2473 2819 locuni
2519 2769 2661 2818 illum

1584 2924 1697 2988 pic.
1725 2940 1772 2975 c.
1800 2929 1881 2977 16.
1949 2925 2203 2976 Gruterus.

1662 3002 1794 3053 CAP.
1815 3006 1901 3053 68.
1950 3002 2120 3052 Seram
2150 3001 2335 3051 veniam
2365 3005 2476 3064 post
2518 2926 2664 3072 scelus

1590 3079 1855 3143 querebat]
1900 3079 2080 3129 Codex
2102 3093 2359 3128 manuscr.
2385 3075 2661 3131 manifeste

1590 3155 1753 3207 habet
1797 3172 1892 3222 pro
1934 3172 2106 3221 mam,
2139 3158 2413 3207 secundum.'
2473 3155 2660 3220 Itaque

1592 3242 1649 3285 et
1703 3250 1796 3285 nos
1865 3235 1939 3286 sic
2006 3234 2319 3299 scripsimus.
2389 3233 2663 3282 Rhenanus.

1591 3314 1786 3364 Nescio
1824 3327 1918 3363 cur
1940 3310 2219 3361 Rhenanu‘s
2243 3315 2483 3359 veterum
2507 3309 2662 3358 libro·

1592 3404 1707 3438 rum
1750 3390 2063 3453 scripturam
2109 3387 2393 3439 mutaverit
2440 3386 2663 3450 scripse-

1589 3468 1790 3533 ritque:
1872 3470 2134 3517 secundam.
2222 3465 2458 3530 Reposui
2537 3472 2662 3529 ergo

1589 3544 1729 3594 Flor.
1771 3545 2084 3595 auctoritate
2126 3558 2324 3605 vocem,
2355 3557 2533 3605 seram,
2571 3554 2662 3607 op·

1591 3620 1719 3670 timo
1739 3636 1921 3671 sensu:
1961 3622 2034 3670 ait
2058 3622 2224 3669 enim:
2262 3620 2394 3668 Cum
2418 3617 2660 3668 Plautius

1589 3694 1804 3759 objecta
1834 3711 1961 3759 ‚non
2018 3695 2293 3759 probaret,
2348 3692 2664 3759 poenitentia

1587 3773 1774 3822 ductus
1797 3773 2007 3823 sceleris
2033 3772 2111 3822 sni
2128 3771 2331 3821 veniam
2351 3770 2627 3836 quaerehat
2641 3784 2680 3817 :-

1589 3849 1680 3898 sed
1706 3864 1821 3899 sero
1844 3865 1905 3900 ac
1927 3847 2138 3908 frustra,
2184 3863 2302 3897 cum
2326 3847 2661 3897 nihilominus

1588 3926 1861 3975 Dolabella
1899 3926 2098 3975 occisus
2139 3923 2341 3974 fuisset.
2428 3924 2658 3972 Pithena.

1591 4001 1760 4051 Seram
1782 4004 1907 4052 alias
1929 4003 2033 4067 legi
2072 4008 2327 4063 notatum,
2350 4001 2446 4049 sed
2470 3998 2664 4049 nemini

1589 4077 1755 4129 adhuc
1813 4072 2125 4143 receptum.'
2187 4077 2321 4126 Mihi
2380 4074 2506 4126 olim
2553 4080 2662 4141 post

1587 4155 1844 4218 glossema
1886 4155 2215 4219 ·videhatur,
2285 4158 2344 4204 et
2417 4151 2662 4202 Tacitum

1585 4232 1884 4295 scripsisse:
1951 4233 2136 4281 veniam
2203 4232 2485 4281 uenum*
2516 4225 2671 4279 seem

1557 4297 1843 4374 ἀμα-νεῦσε.
1908 4302 2038 4360 Esse
2077 4308 2216 4392 enim
2256 4305 2538 4391 aliquando
2561 4300 2573 4317 ‘
2590 4318 2664 4356 se·
