3009 4942
871 490 1118 548 mss-r.
1163 492 1327 547 cn.
1372 477 1480 550 44.
1529 496 1968 553 summum.

314 636 458 705 gitur
472 638 511 691 l.
530 648 749 695 mvn.
771 644 822 692 2.
847 644 862 671 ⁸
881 641 1178 706 reipublicae
1198 640 1378 691 datum

247 774 257 779 ι
314 718 458 768 mille
473 718 742 781 talentum,
755 718 938 783 legatis
952 726 1007 767 et
1022 719 1382 784 quaestoribus,

238 788 243 792 ’
306 795 407 862 =qui
427 810 544 845 oras
566 798 719 846 maris
743 794 1115 861 defendissent,
1149 811 1237 847 ns.
1264 798 1383 847 bina

313 872 495 936 millia,
515 875 878 923 commilitibus
900 876 1111 939 singulis
1137 877 1382 940 quinqua-

250 971 260 989 ·
315 949 463 1013 ginta
483 950 514 998 :’
562 967 678 999 cuin
702 953 770 1000 sit
797 952 847 1000 in
870 953 996 1000 Mss.
1030 952 1298 1015 reipablicoe
1336 956 1384 1001 et

311 1028 626 1090 quacun-ibus
661 1032 741 1091 qui
763 1044 870 1077 oras
890 1030 1040 1077 maris
1067 1029 1385 1089 defendissent

311 1102 482 1152 datam
513 1103 642 1152 mine
662 1108 891 1154 talentum
920 1105 1151 1155 militibus
1181 1107 1386 1168 singulis

309 1191 427 1228 sena
479 1180 631 1229 millia
667 1184 1006 1241 sestertiorum.
1093 1182 1177 1231 Sic
1233 1184 1385 1246 plane

310 1256 739 1307 membranaceus
764 1259 1094 1309 bibliothecas
1116 1260 1386 1309 Academi-

310 1346 427 1384 cae:
462 1333 539 1384 sic
563 1336 853 1398 complures
873 1349 903 1384 a
924 1335 1123 1385 Budaeo
1146 1334 1387 1402 inspecti,

311 1410 406 1475 qui
442 1410 727 1461 Plutarcho
767 1421 821 1461 et
864 1412 1102 1476 Appiano
1142 1411 1384 1463 adhibitis

312 1486 597 1548 rescribit;
646 1493 662 1517 ‘
687 1486 966 1538 Praefectis
1009 1495 1065 1537 et
1118 1488 1385 1553 quaestori-

313 1562 433 1629 bns,
456 1565 546 1631 qni
569 1579 685 1614 oras
714 1566 869 1615 maris
903 1562 1278 1623 defendissent,
1298 1565 1385 1615 da·

310 1651 428 1691 tum
452 1641 594 1690 mille
612 1643 884 1704 talen-turn,
902 1642 1149 1692 militibus
1170 1642 1385 1706 singulis

310 1732 444 1769 sena
509 1718 687 1768 millia'
735 1720 1050 1781 sestertium,
1114 1720 1387 1771 comitibus

311 1794 713 1860 quinquagena?
809 1795 926 1847 Lib.
976 1810 1062 1847 ιιι.
1117 1793 1184 1847 de
1233 1796 1387 1847 Asse.

313 1872 531 1926 Gronov.

384 1949 520 2001 Cu.
542 1955 624 2001 44.
657 1950 891 2013 Legatum
911 1949 1110 2012 legionis
1124 1950 1298 2014 prima
1331 1951 1388 2001 C.

313 2028 621 2093 caroniam]
633 2028 697 2078 In
717 2030 929 2093 antiqua
950 2029 1285 2091 inscriptione
1299 2042 1389 2079 no·

311 2104 546 2154 minatur
583 2105 789 2170 qnidam
831 2105 895 2162 Q.
933 2105 1186 2156 Cetrouim
1227 2106 1293 2163 Q.
1324 2107 1387 2157 F.

314 2180 522 2243 Passer,
543 2182 632 2247 qui
653 2188 827 2245 potest
856 2182 919 2231 ad
958 2182 1094 2233 bunc
1121 2182 1184 2232 C.
1208 2183 1391 2234 Cetro-

230 2263 236 2269 ’
310 2257 478 2317 nium,
510 2257 600 2321 qui
623 2272 654 2307 a
673 2256 850 2308 Tacito
884 2258 1196 2324 nominatur,
1229 2261 1391 2324 perti·

310 2344 464 2384 nere.
539 2334 759 2384 Ursinus.

312 2444 317 2449 ·
383 2411 633 2462 Jnaiciam
650 2417 697 2462 et
713 2411 898 2477 poenas]
917 2412 1165 2464 Jnaiciam
1179 2427 1392 2465 exercere

309 2487 513 2540 usitate
547 2489 797 2540 dicimus:
840 2505 1004 2555 poenas
1035 2504 1252 2541 exercere
1288 2506 1392 2542 non

309 2564 488 2630 item3
536 2567 630 2616 sed
672 2581 813 2632 saepe
837 2567 1022 2631 primoe
1060 2574 1199 2618 notae
1233 2569 1393 2633 scrip-

313 2647 488 2707 tores,
510 2642 711 2693 duobus
732 2643 1020 2693 nominibus
1043 2644 1248 2708 positis,
1282 2658 1394 2694 ver-

312 2720 449 2772 bnm
488 2722 788 2789 subjiciunt,
829 2724 964 2789 quod
1002 2725 1152 2774 alteri
1192 2733 1392 2776 tantum

314 2799 630 2851 conveniat:
689 2808 750 2850 ιιι
791 2801 841 2862 ἐξ
881 2798 1123 2863 bandvon
1175 2803 1392 2853 alterum

314 2874 667 2940 intelligatur.
738 2876 995 2928 Homerus
1018 2880 1154 2928 σῖτον
1170 2878 1249 2928 καὶ
1272 2877 1396 2930 οἶνον

316 2950 526 3002 ἔδοντες·
550 2969 671 3003 cum
694 2960 868 3004 tamen
892 2954 1069 3004 vinum
1091 2953 1270 3018 bibere,
1289 2969 1393 3005 non

314 3044 522 3081 comesse
552 3032 824 3081 soleamus.
891 3030 1042 3081 Idem
1070 3031 1207 3081 ἵπποι
1241 3030 1394 3097 depol-

314 3107 464 3156 ποδες
496 3103 579 3156 καὶ
613 3106 808 3157 ποικίλα
835 3104 1000 3171 τεύχε’
1031 3107 1196 3159 ἔκειτο.
1263 3110 1396 3176 Equi

319 3188 504 3235 tamen
556 3199 661 3235 non
701 3185 972 3250 jacebant,
1021 3188 1114 3237 sed
1168 3188 1396 3239 stabant.

318 3263 468 3327 Ergo
490 3264 673 3327 etiam,
697 3266 760 3328 si,
796 3281 959 3329 poenas
988 3280 1223 3329 exercere,
1244 3280 1397 3316 nemo

320 3339 564 3404 dixisset,
612 3341 1021 3406 intelligeremus
1065 3343 1165 3392 hoc
1207 3342 1395 3393 modo:

310 3414 554 3479 ,iudicium
589 3422 638 3467 et
671 3420 1099 3482 poenasexercait3
1141 3419 1398 3484 judiciam

324 3494 571 3563 exercuit
607 3510 886 3560 poenasque
922 3496 1177 3561 sumpsit:
1239 3505 1295 3546 et
1330 3511 1399 3547 ex

321 3570 539 3635 optimis
552 3572 1018 3637 vetustissimisque
1035 3572 1400 3638 scriptoribus,

324 3647 454 3701 talia
499 3647 785 3712 quamlibet
822 3650 989 3698 multa
1029 3648 1398 3713 proferremus.

321 3722 433 3775 Sed
469 3723 597 3773 nibil
633 3732 712 3773 est
747 3738 960 3775 necesse
996 3739 1059 3775 eo
1098 3726 1398 3790 confugere.

326 3799 574 3851 Eser-oen
602 3815 766 3864 pamas
789 3800 1074 3851 rectissime
1104 3801 1316 3865 dicitur,
1341 3808 1401 3853 ut

328 3891 649 3941 cognoscere
670 3885 751 3927 est
774 3879 855 3926 vel
885 3892 952 3927 ex
992 3878 1079 3927 illo
1101 3878 1306 3944 virgilii
1325 3879 1400 3929 lo-

329 3968 430 4003 coz
482 3954 500 3982 ‘
524 3944 645 4004 Hac
689 3952 794 4004 iter
837 3955 1070 4019 Elysium
1113 3956 1290 4007 nobis:
1346 3962 1403 4007 at

328 4029 465 4081 leva
484 4031 734 4081 malorum
759 4031 986 4082 Exercet
1009 4048 1210 4098 poenas,
1246 4041 1302 4084 et
1334 4034 1402 4085 ad

328 4105 492 4172 impia
513 4114 710 4158 tartara
732 4108 929 4159 mittit?
995 4112 1230 4163 Muretus.

400 4183 796 4234 centurionatum
818 4186 925 4235 inde
945 4187 1069 4251 egit]
1103 4188 1297 4238 Nescio
1320 4203 1404 4255 an,

330 4260 485 4322 tegit:
533 4275 636 4326 qua
657 4261 828 4312 forma
856 4264 1105 4313 Senatum
1125 4266 1302 4329 legere
1325 4266 1402 4315 di-

331 4334 515 4386 cimus.
591 4337 731 4388 Satis
768 4346 942 4387 autem
980 4339 1252 4391 ambitiosa
1285 4342 1402 4392 hoec

334 4403 513 4483 botin,
532 4414 784 4471 militibus
809 4414 1054 4470 adhibitis
1090 4417 1236 4484 quasi
1271 4416 1404 4472 arbi·

2339 476 2518 552 3811
2587 436 2594 453 ’

1458 643 1584 695 tris:
1621 659 1739 695 cum
1760 645 1917 695 solius
1938 646 1993 695 id
2012 645 2351 710 Imperatoris
2372 636 2520 712 alias,

1458 729 1515 771 et
1533 736 1599 770 ex
1621 732 1781 782 more,
1805 728 1961 772 esset.
2028 722 2156 771 Tale
2177 727 2325 773 notat
2346 730 2522 774 noster

1460 798 1514 846 in
1539 798 1745 847 Caecina
1766 814 1780 848 z
1832 800 1848 826 ‘
1875 798 2050 862 thue
2071 798 2283 848 licentia
2301 800 2522 853 militem

1460 874 1737 938 imbueret,
1790 875 2182 925 interfectorum
2219 882 2230 887 '
2250 875 2526 926 Centurio·

1460 965 1582 1000 num
1605 952 1813 1001 ordines
1842 952 2133 1016 legionibus
2167 951 2436 1017 offerebat,
2458 964 2522 1005 eo

1461 1025 1707 1092 suffragio
1752 1027 2126 1078 turbidissimus
2175 1028 2392 1094 quisque
2447 1029 2523 1081 di-

1460 1103 1623 1157 lecti!
1690 1104 1833 1154 Hist.
1870 1119 1958 1155 ιιι.
2029 1105 2142 1155 Etsi
2181 1105 2523 1156 Germanicus

1463 1187 1635 1229 tamen
1675 1180 1881 1244 plenam
1917 1187 2181 1246 totamque
2216 1180 2523 1231 electionem

1460 1257 1614 1306 militi
1635 1271 1737 1307 non
1758 1258 1993 1322 largitus.
2057 1258 2262 1321 Lipsius.

1530 1334 1918 1385 Centurionatiim
1937 1336 2045 1385 inde
2065 1336 2189 1399 egit]
2247 1337 2526 1387 Recensio·

1462 1426 1580 1461 nem
1625 1426 1687 1463 ac
1729 1413 2072 1477 cognitionem
2113 1414 2179 1462 de
2217 1417 2529 1466 centurioni·

1461 1487 1577 1538 bus.
1611 1489 1845 1540 Muretus.
1899 1489 2288 1541 Eruditissimus
2306 1493 2384 1542 vir
2400 1494 2526 1544 mal·

1461 1566 1539 1616 let
1567 1565 1706 1628 legit,
1738 1565 1831 1616 sed
1869 1582 1952 1617 me
1985 1568 2355 1619 dissentientez
2404 1570 2527 1635 quia

1461 1642 1564 1704 egit
1589 1643 1966 1693 centurionatum
1986 1644 2058 1693 nil
2076 1645 2218 1695 alind
2240 1653 2340 1709 est,
2372 1658 2526 1712 quam

1460 1718 1591 1783 legit
1613 1720 1953 1771 Centuriones
1972 1721 2025 1770 in
2047 1722 2216 1772 locum
2256 1737 2529 1786 caesorum,

1464 1795 1530 1843 de
1569 1797 1753 1861 quibus
1790 1813 1963 1863 supra,
1990 1797 2008 1826 ‘
2030 1804 2319 1862 prostratos
2345 1799 2528 1850 verbe-

1376 1888 1381 1897 ’
1464 1871 1605 1923 ribus
1640 1875 1886 1938 mulcent,
1914 1874 2162 1938 sexageni
2198 1875 2446 1939 singulos,
2468 1882 2528 1925 ιιι

1462 1965 1733 2002 numerum
1756 1953 2113 2003 centurionum
2142 1953 2475 2018 adaequarent
2492 1951 2527 2001 ι’

1465 2034 1523 2078 et
1543 2028 1657 2078 baec
1693 2029 1882 2079 seditio
1918 2029 2084 2079 oritur
2123 2043 2156 2078 a
2192 2029 2376 2092 prima,
2409 2034 2466 2078 et
2497 2042 2530 2078 a

1466 2103 1713 2154 vicesima
1731 2105 2053 2167 legionibus:
2103 2119 2216 2170 quae
2241 2118 2357 2154 snos
2396 2104 2531 2154 Cen·

1467 2180 1699 2232 turiones
1742 2182 1854 2246 jam
1887 2181 2293 2234 trucidaverant.
2367 2182 2532 2244 Agere

1465 2273 1564 2322 pro
1584 2260 1738 2322 legere
1753 2276 1771 2308 .·
1814 2261 1831 2288 ‘
1855 2259 2083 2323 regimen
2108 2272 2319 2309 summae
2339 2258 2414 2309 rei
2439 2271 2531 2322 pe·

1466 2348 1560 2385 nes
1599 2336 1965 2386 Germanicum
2006 2335 2204 2400 agendo
2238 2335 2531 2386 Galliarum

1466 2413 1646 2462 censui
1665 2413 1922 2463 intentum
1939 2412 1972 2463 :’
2028 2428 2144 2478 quae
2180 2427 2249 2463 ne
2286 2411 2531 2463 aliorsum

1468 2489 1711 2552 accipias,
1744 2497 1898 2556 atque
1936 2505 1965 2540 a
1994 2490 2181 2540 Tacito
2210 2489 2357 2539 dicta
2393 2495 2533 2543 sunt.

1466 2567 1711 2633 Ejusdem
1733 2568 2001 2634 sequentia
2033 2567 2159 2617 mibi
2191 2567 2368 2630 legas:
2397 2567 2430 2603 «ί
2454 2565 2532 2614 in-

1467 2651 1614 2695 terea
1636 2645 1949 2695 Germanico
1970 2658 2066 2708 per
2083 2643 2282 2694 Gallias
2295 2640 2387 2707 (ιιι
2402 2640 2533 2690 dixi-

1467 2721 1612 2788 mus)
1651 2737 1838 2773 census
1882 2720 2198 2786 accipienti.
2285 2719 2372 2770 Ad
2413 2719 2534 2769 ulti·

1467 2815 1608 2850 mum
1630 2802 1787 2864 legere
1806 2801 2177 2850 centurionatum
2198 2812 2301 2848 non
2331 2804 2414 2849 est
2445 2812 2537 2863 pe·

1467 2878 1607 2928 nitus
1647 2878 1893 2929 dissimile
1929 2880 1999 2940 τῷ·
2035 2880 2192 2941 legere
2226 2882 2439 2926 senatum
2475 2883 2534 2926 et

1468 2954 1715 3017 ἀναλόγως
1736 2956 1951 3020 dicitur,
1971 2959 2032 3006 ιιι
2066 2954 2317 3019 equitatus,
2346 2952 2536 3018 pedita-

1468 3036 1563 3083 tus.
1626 3031 1925 3081 Salinerius.
2004 3029 2144 3083 Quid
2166 3029 2210 3079 si
2231 3038 2374 3092 agere
2391 3029 2535 3080 ‘Cen-

1469 3107 1763 3158 tartonatum
1803 3107 1878 3158 sic
1914 3107 2133 3169 dictum,
2184 3112 2246 3155 ut
2284 3105 2537 3155 Delectant

1468 3182 1650 3247 agere?
1682 3186 1752 3234 Et
1773 3183 1874 3234 fuit
1889 3184 1975 3234 hic
1994 3184 2138 3233 velut
2153 3182 2389 3233 delectus
2403 3182 2540 3232 Cen·

1472 3261 1748 3311 turionum.
1797 3261 2059 3312 Acidazius.
2139 3260 2304 3310 Plane
2341 3259 2538 3311 accedo

1474 3341 1744 3390 sententia
1767 3338 2088 3404 Berneggeri
2103 3338 2273 3388 soceri
2296 3338 2418 3400 mei,
2432 3350 2540 3388 aon

1468 3415 1635 3466 fnisse
1652 3431 1836 3466 novam
1856 3417 1990 3466 banc
2019 3415 2381 3467 centurionum
2403 3414 2540 3465 elec·

1473 3493 1685 3556 tionem,
1750 3493 1844 3543 sed
1911 3500 2110 3543 tantum
2160 3491 2544 3555 recensionem,

1475 3569 1611 3635 quod
1633 3576 1781 3634 patet
1807 3585 1872 3620 ex
1893 3575 2005 3621 toto
2023 3572 2159 3634 loco,
2173 3575 2229 3619 et
2244 3570 2541 3635 praesertim

1473 3646 1574 3697 illis
1594 3647 1796 3709 verbis3
1844 3646 2077 3697 retinebat
2109 3648 2314 3708 ordines,
2337 3652 2444 3695 tum
2482 3650 2540 3697 et

1472 3723 1605 3785 illis;
1657 3723 1921 3774 solvebatur
1957 3723 2154 3773 utilitia.
2220 3722 2539 3772 Freinshem-

1474 3801 1598 3851 Non
1627 3805 1805 3864 potest
1826 3802 2035 3865 placere
2071 3807 2335 3864 utcunque
2355 3797 2541 3861 pinga-

1476 3882 1578 3927 tur.
1646 3877 2036 3928 centurionatum
2054 3891 2197 3940 ομιτ
2211 3874 2398 3925 Latine
2414 3873 2542 3925 diei·

1475 3960 1581 4018 tur,
1600 3961 1660 4006 nt
1680 3969 1822 4017 agere
1849 3959 2148 4019 potestatem,
2175 3966 2319 4015 agere
2344 3965 2542 4017 procon-

1471 4034 1696 4096 σιιὶαιιιιιι,
1714 4047 1855 4095 agere
1872 4046 2101 4094 regnam.-
2150 4028 2238 4078 ubi
2275 4041 2419 4091 agen
2455 4032 2541 4078 est

1477 4122 1680 4174 gerere,
1725 4108 2109 4158 administrare.
2209 4104 2345 4155 Item
2387 4106 2545 4169 legere

1472 4188 1847 4237 centurionatum
1867 4201 1969 4234 non
1990 4190 2237 4247 respuent
2267 4198 2422 4233 aures
2438 4183 2543 4234 Ro·

1474 4279 1662 4327 manoe,
1683 4269 1740 4313 ut
1763 4264 1916 4325 legere
1935 4266 2107 4310 mm
2138 4261 2271 4326 oitoe,
2300 4261 2345 4311 si
2373 4261 2465 4310 cni
2485 4264 2544 4310 et

1474 4340 1627 4405 hujus
1678 4345 1735 4390 et
1773 4340 2138 4405 cujuscumque
2179 4339 2408 4388 alterius
2440 4335 2544 4387 loci

1473 4416 1643 4471 libera
1678 4421 1766 4471 est
1799 4417 1959 4483 optio.
2022 4414 2130 4470 Sed
2163 4419 2347 4468 neuter
2373 4426 2550 4467 sermo
