3009 4942
861 427 1009 475 mn.
1055 428 1104 478 1.
1151 428 1315 478 aar.
1359 409 1467 477 16.
1512 429 1953 483 ANNA-mum.

300 608 329 627 ‚·
357 573 497 625 Car.
510 577 595 651 165·
612 574 717 625 Aut
733 577 987 642 gaudiam}
1005 580 1144 629 Male
1160 579 1257 629 hoc
1274 580 1364 629 ad-

298 649 454 703 ditur.
486 651 575 700 Sic
600 652 639 700 l.
666 665 784 703 xlv.
807 656 821 681 ⁴
847 664 900 703 et
917 663 1066 706 natos
1090 657 1172 705 vel
1191 670 1363 719 reper-

292 727 405 779 tos?
441 729 528 776 Sic
548 729 685 790 apud
708 730 1108 794 Xenophontem
1136 746 1173 781 1.
1198 734 1360 789 Ἀναβ.

294 802 505 867 ἆλεύρων
527 805 557 863 ᾖ
580 806 811 867 ἀλφίτων,
837 824 953 857 cum
985 810 1255 870 legendum
1294 811 1365 859 sit

295 888 498 931 tantum
535 882 765 944 ἀλφίτων.
807 886 916 939 ,Sic
953 887 1091 949 apud
1114 887 1365 936 Aristote-

295 957 394 1015 lem
421 959 511 1007 lib.
544 974 583 1006 1.
619 961 833 1017 Rhetor.
870 961 943 1011 ὅτι
978 960 1061 1011 οὖν
1088 962 1120 1020 ἢ
1140 964 1365 1024 ὁντινοῦν,

297 1046 415 1097 curn
438 1041 495 1082 et
517 1036 656 1096 apud
683 1037 1131 1088 Halicarnasseum
1159 1042 1365 1103 legatur

296 1115 505 1163 tantum
530 1111 604 1160 ὅτι
625 1111 724 1164 οὖν.
791 1114 949 1176 Apud
983 1116 1283 1165 Ciceronem
1310 1117 1363 1167 in

295 1184 548 1243 Academ.
583 1196 596 1217 ⁶
624 1197 678 1240 et
712 1193 856 1240 velut
880 1192 996 1254 jam
1034 1199 1154 1240 ante
1184 1193 1364 1240 Socra·

298 1264 436 1327 lem}
475 1280 592 1317 curn
618 1267 893 1330 legendum
916 1269 1000 1330 sit,
1035 1273 1082 1317 et
1107 1269 1215 1328 jam
1253 1273 1367 1319 ante

296 1338 557 1401 Socratem.
647 1343 820 1391 Multa
863 1344 990 1392 talia
1046 1343 1268 1392 indicavi
1311 1344 1365 1391 in

295 1414 468 1465 Variis
525 1418 648 1477 lect.
694 1418 728 1469 1.
768 1432 862 1468 xv.
906 1435 954 1470 c.
994 1425 1074 1469 16.
1103 1421 1366 1479 ‚Murenae

296 1491 541 1553 Remjta
577 1494 773 1544 habere
812 1501 955 1557 puto.
1023 1496 1111 1546 Ob
1146 1502 1369 1546 mortem

294 1568 813 1633 Principisjastitium
832 1574 990 1623 indici
1009 1575 1214 1623 solitum
1233 1581 1366 1623 erat.

298 1645 359 1699 C.
385 1646 565 1697 Caesar
600 1648 794 1699 indixit
824 1649 982 1698 etiam
1017 1650 1067 1698 in
1101 1657 1266 1700 morte
1288 1665 1368 1699 so·

297 1722 448 1786 roris.
482 1723 705 1773 Seuton.
733 1738 781 1774 c.
803 1729 885 1773 24.
949 1725 1033 1774 Ibi
1055 1725 1215 1789 igitur
1238 1726 1368 1790 pub-

294 1798 414 1849 licae
432 1798 731 1849 functiones
757 1801 1235 1851 intermittebantur
1273 1816 1369 1864 per

299 1890 592 1926 moerorem.
632 1878 855 1944 ‚Rursus
892 1877 960 1926 ob
999 1892 1185 1926 novum
1221 1877 1373 1935 Prin·,

301 1952 472 2016 cipern
494 1951 657 2003 ‚feriae
683 1954 1084 2003 celebrabantur
1107 1959 1377 2018 tamquam,

301 2042 365 2085 ex
387 2030 603 2095 publica
624 2029 840 2091 laetitia:
877 2030 1012 2095 quod
1030 2030 1112 2079 hic
1135 2029 1377 2093 signatur,

300 2120 396 2169 per
421 2122 600 2157 vocem
619 2107 849 2168 gaudiam
864 2124 884 2166 ,·
917 2121 1069 2171 quam
1095 2106 1181 2170 qui
1197 2106 1371 2155 Blaeso

300 2184 714 2247 accommodant,
727 2192 787 2233 ut
805 2184 1087 2248 propriam,
1102 2183 1372 2233 falluntur.

302 2261 539 2328 Utraque
579 2263 695 2313 haec
732 2278 911 2325 causa,
946 2262 1050 2321 alia
1091 2264 1373 2315 succedens

300 2338 407 2400 alii,
450 2336 677 2403 effecit,.
695 2344 755 2387 ut
797 2338 993 2386 Blaesus
1033 2339 1373 2388 intermitteret

298 2414 444 2463 solita
462 2414 652 2464 mum‘a:
685 2414 782 2463 hoc
804 2421 906 2476 est,
922 2414 989 2463 ab
1013 2414 1249 2464 exercitu
1271 2429 1377 2475 non

301 2490 561 2553 exigeret,
599 2489 691 2539 sed
714 2488 868 2539 ferias
890 2491 938 2539 ei
969 2491 1232 2555 otiumque
1255 2505 1374 2539 cou-

301 2566 535 2619 cederet.
606 2567 672 2616 Iu
691 2567 769 2616 his
788 2567 1024 2617 omnibus
1046 2582 1194 2617 nemo
1216 2568 1374 2617 inter-

300 2651 515 2709 pretum
531 2644 685 2707 plane
701 2659 901 2697 mecum
916 2645 1104 2693 sentit:
1133 2643 1225 2693 sed
1243 2643 1375 2709 alius

304 2722 405 2785 alio
428 2722 648 2773 divertit
679 2723 900 2784 longius.
968 2724 1107 2771 Nam
1140 2722 1374 2785 plerique

305 2798 533 2859 Blaesum
574 2799 828 2859 socordias
863 2807 918 2847 et
947 2798 1280 2861 negligentiae
1322 2798 1375 2846 in

306 2889 398 2925 sua
417 2874 689 2927 functione
706 2875 1120 2927 administranda
1134 2882 1374 2939 arguunt.

309 2952 681 3003 Freinshemius.

373 3030 500 3078 Dux
552 3030 666 3078 olim
735 3030 1041 3079 theatralium
1107 3028 1378 3092 operarum]

311 3108 342 3137 *
357 3109 532 3159 Plinio
557 3110 715 3161 etiam
735 3124 910 3173 operae
932 3109 986 3157 iu
1009 3108 1165 3159 Circo
1186 3125 1202 3169 3
1238 3108 1330 3157 sed
1347 3123 1381 3157 a

310 3196 393 3235 me
429 3194 702 3237 correcto:
749 3187 784 3236 l.
807 3199 931 3235 vm.
967 3200 1016 3234 c.
1038 3189 1087 3236 6.
1121 3185 1137 3212 ‘
1159 3186 1219 3235 L.
1257 3185 1381 3234 Piso

309 3261 551 3313 inductos
573 3262 847 3321 dumtaxat
863 3260 1210 3329 [Elephantos
1231 3262 1380 3311 intel·

310 3337 460 3402 legit]
482 3338 539 3386 in
553 3337 781 3397 Circum,
798 3345 956 3402 atque
975 3345 1033 3387 ut
1048 3344 1381 3400 contemptus

312 3428 487 3465 eorum
501 3415 841 3475 incresceret,
855 3414 921 3463 ab
937 3414 1188 3478 operariis
1209 3413 1383 3465 hastas

313 3491 616 3554 praepilatas
635 3490 949 3541 habentibus
972 3504 1066 3552 per
1090 3489 1284 3538 circum
1308 3496 1383 3538 to-

313 3574 422 3629 tum
444 3574 593 3617 actos
611 3566 641 3627 ς’
674 3566 785 3628 ubi,
800 3566 857 3614 ab
879 3567 1035 3630 aperis
1052 3565 1384 3627 scribendum

314 3661 429 3695 esse
453 3645 721 3705 confirmo.
755 3645 963 3707 Lipsius.

379 3722 704 3774 Theatralium
733 3720 1005 3784 operarum]
1052 3722 1264 3781 Eorum,
1298 3718 1384 3782 qui

317 3810 531 3860 operam
575 3811 717 3844 suam
768 3796 1010 3846 locabant
1066 3795 1133 3843 ad
1186 3793 1386 3845 fabulas

317 3873 565 3938 agendas.
601 3874 842 3923 Muretus.
889 3871 1058 3922 Video
1078 3872 1201 3936 quid
1223 3872 1387 3920 virum

316 3966 560 4013 magnum
585 3950 866 4013 deceperit.
934 3949 1017 3998 Sic
1048 3949 1184 3997 enim
1209 3949 1388 4001 Sueto-

320 4028 433 4077 nius
472 4026 613 4089 Aug.
637 4030 719 4076 43.
755 4032 768 4054 ‘
791 4025 877 4077 Ad
915 4025 1143 4074 scenicas
1183 4038 1389 4088 quoque

321 4109 377 4155 et
393 4103 734 4169 gladiatorias
751 4117 933 4164 operas
954 4102 1111 4151 etiam
1130 4100 1390 4163 equitibus

321 4181 567 4235 Romanis
611 4180 887 4242 aliquando
941 4194 1061 4228 usus
1118 4175 1234 4227 est?
1320 4178 1392 4229 Et

321 4273 436 4322 cap.
461 4263 544 4307 45.
575 4259 591 4286 ‘
618 4257 929 4306 Universum
962 4256 1188 4321 deniqne
1229 4268 1391 4316 genus

324 4348 510 4402 operas
567 4334 769 4400 aliquas
822 4332 1036 4403 publico
1090 4331 1390 4399 spectaculo

2328 418 2503 486 3791

1440 579 1780 642 praebentium
1805 581 1962 631 etiam
1997 597 2126 633 cura
2145 597 2238 633 sua
2263 582 2506 647 dignatus

1437 657 1551 706 est.'
1619 658 1826 707 Nerone
1849 674 1894 708 c.
1925 664 2000 709 12.
2034 660 2204 710 ‘item'
2227 661 2506 724 Pyrrichas

1441 735 1683 794 quasdam
1723 750 1751 783 e
1783 750 1996 784 numero
2030 738 2369 799 epheborum,
2402 737 2512 802 qui-

1440 810 1536 859 bus
1577 819 1696 873 post
1738 812 1931 860 editam
1972 828 2179 875 operam
2220 814 2509 874 diplomata

1438 885 1667 935 civitatis
1685 886 1936 937 Romanae
1955 889 2171 951 singulis
2191 888 2371 936 dedit!
2406 889 2512 939 Ita*

1439 976 1539 1026 que
1561 962 1838 1013 Salinerius
1874 978 2076 1028 quoque
2103 965 2277 1026 Lipsio
2312 978 2510 1014 cornua

1438 1037 1737 1098 obvertens,
1756 1040 1918 1088 ducem
1937 1039 2237 1088 theatralium
2261 1053 2511 1101 operarum

1440 1110 1589 1173 facit,
1626 1113 1714 1176 qui
1758 1114 1891 1175 regit
1923 1129 2128 1175 gregem
2166 1115 2510 1183 histrionum:

1440 1188 1604 1251 qualis
1652 1190 1736 1252 qui
1781 1190 1834 1237 in
1878 1192 2114 1239 Terentii
2177 1192 2399 1254 Hecyrae
2454 1198 2514 1243 et

1441 1264 2019 1320 Heautontimorumeni
2069 1267 2293 1329 Prologo
2348 1267 2515 1331 loqui·

1440 1348 1548 1400 tur,
1589 1356 1704 1390 eum
1744 1357 1941 1390 sumere
1983 1342 2080 1391 sibi
2119 1358 2315 1406 suoque
2356 1343 2507 1406 gregi

1441 1417 1718 1467 comoedias
1755 1419 2067 1476 recitandas,
2101 1435 2224 1483 quas
2252 1407 2348 1468 ⁸alii
2374 1434 2511 1469 com·

1442 1503 1753 1557 posuerunt:
1823 1503 1879 1544 et
1942 1496 2256 1544 addiscendo
2328 1497 2514 1559 multa,

1441 1572 1606 1620 multa
1627 1572 1893 1620 recitando
1917 1587 2016 1620 non
2040 1572 2277 1634 ineptum
2308 1572 2374 1621 ad
2397 1579 2514 1622 tur·

1442 1648 1533 1697 bas
1550 1649 1864 1699 conciendas
1892 1649 2131 1697 evadere.
2199 1648 2274 1697 At
2307 1663 2409 1697 non
2434 1648 2514 1699 de

1442 1723 1517 1772 his
1538 1725 1767 1785 Tacitus,
1806 1725 1889 1774 cui
1926 1740 2079 1788 operoe
2111 1725 2367 1774 theatrales
2390 1731 2514 1776 sunt

1443 1800 1916 1863 inspectatoribus,
1948 1803 2038 1866 qui
2067 1803 2386 1865 plaudebant
2409 1802 2518 1865 ipsi<

1447 1878 1617 1942 primi,
1656 1887 1711 1930 et
1746 1879 1977 1929 fautores
2015 1881 2382 1944 plausoresque
2410 1881 2511 1929 his·

1445 1955 1698 2005 trionibus
1754 1958 2143 2020 comparabant.
2232 1958 2306 2007 Hi
2373 1965 2517 2020 sunt,

1446 2048 1575 2096 quos
1629 2035 1847 2089 Plautus
1903 2035 2113 2097 egregie
2167 2033 2415 2085 describit
2458 2035 2514 2084 in

1446 2110 1661 2172 prologo
1692 2109 2111 2173 Amphitruonis:
2147 2112 2163 2138 ‘
2191 2110 2264 2159 Ut
2301 2111 2516 2175 conqui-

1448 2184 1634 2235 sitores
1670 2187 1855 2249 singuli
1895 2188 1945 2235 in
1981 2187 2227 2237 subsellia
2251 2189 2391 2236 Eant
2424 2202 2518 2252 per

1450 2269 1612 2315 totam
1651 2279 1861 2314 caveam
1901 2265 2303 2328 spectatoribus,
2339 2265 2521 2314 Sicui

1445 2340 1679 2395 fautores
1702 2343 1970 2405 delegatos
1993 2343 2236 2403 viderint,
2260 2342 2334 2391 Ut
2358 2342 2436 2391 bis
2461 2343 2516 2391 in

1449 2433 1612 2471 cavea
1641 2420 1824 2483 pignus
1858 2419 2132 2482 capiamtur
2172 2426 2338 2481 togae.·
2396 2418 2520 2468 Sive

1448 2494 1537 2558 qui
1577 2494 2125 2556 ambissent:palmam
2164 2493 2518 2555 histrionibus,

1447 2571 1553 2620 Seu
1573 2570 1813 2634 cuiquam
1836 2569 2041 2631 artifici,
2065 2585 2157 2619 seu
2181 2584 2273 2632 per
2298 2569 2524 2633 scriptas

1449 2648 1649 2710 literas,
1684 2648 1805 2697 Sive
1828 2648 1917 2712 qui
1951 2647 2051 2710 ipsi
2089 2647 2519 2708 ambissent,‘.seu

1449 2738 1545 2786 per
1588 2722 1999 2775 internuntium)
2091 2722 2269 2772 Habes
2316 2726 2521 2772 omnem

1451 2814 1683 2863 operam,
1705 2815 1862 2864 quam
1881 2800 2202 2864 praestabant
2223 2799 2303 2855 hae
2325 2806 2534 2862 (ψει-ωε

1451 2877 1653 2926 Eodem
1687 2877 1922 2941 pertinet
1961 2876 2124 2926 infra:
2159 2879 2175 2904 ‘
2199 2878 2275 2941 Ut
2295 2875 2524 2941 „conqui-

1454 2955 1640 3005 sitores
1672 2955 1860 3007 fierent
1892 2954 2225 3005 histrionibus
2252 2954 2377 3015 Qui,
2408 2952 2526 3014 sibi,-

1453 3029 1803 3092 mandassent,
1841 3031 2069 3093 delegati
2102 3036 2161 3079 ut
2198 3029 2527 3092 plauderent,

1456 3105 1646 3168 Quive,
1681 3121 1785 3170 quo
1808 3107 2047 3169 placeret
2069 3107 2223 3165 alter,
2258 3104 2529 3169 fecissent,

1456 3181 1657 3232 minus!
1693 3183 1946 3232 Nimirum
1959 3197 2115 3246 operoe
2132 3183 2386 3230 theatrales
2403 3186 2529 3231 sunt

1449 3257 1671 3321 fautores
1685 3261 1906 3322 delegati.
1962 3262 2098 3309 Nam
2119 3260 2254 3324 quod
2277 3273 2343 3307 ex
2364 3257 2528 3313 Coelio

1460 3335 1750 3399 Rhodigino
1781 3338 1816 3386 l.
1838 3351 1962 3387 vm.
1987 3340 2036 3385 8.
2069 3336 2254 3385 nescio,
2280 3334 2415 3401 quod
2440 3347 2532 3404 nug·

1459 3410 1620 3461 bilum
1644 3413 1822 3464 Plauti
1838 3420 2050 3467 monent
2065 3412 2336 3472 illustrari,
2347 3418 2402 3460 et
2418 3411 2531 3461 Cae-

1459 3487 1557 3536 lius
1580 3496 1636 3538 et
1670 3490 1772 3552 ipsi
1800 3490 2031 3539 tenebris
2066 3486 2364 3547 circumfusi
2388 3493 2530 3542 sunt·

1458 3565 1659 3615 Plinius
1696 3567 1864 3629 Epist.
1904 3579 2004 3615 vn.
2039 3569 2120 3615 24.
2155 3565 2169 3591 ‘
2194 3562 2269 3625 At
2303 3563 2532 3620 Hercule

1459 3640 1759 3693 alienissimi
1779 3642 2007 3691 homines
2032 3642 2084 3690 iu
2107 3634 2355 3701 honorem
2392 3639 2532 3690 Quae

1462 3715 1683 3767 dratillae
1724 3717 1912 3782 (pudet
1934 3732 2016 3767 me
2041 3718 2240 3767 dixisse
2260 3710 2533 3777 honorem)

1462 3804 1558 3854 per
1594 3792 1903 3841 adulationis
1928 3791 2150 3843 officium
2181 3791 2233 3838 in
2274 3788 2532 3838 theatrum

1463 3871 1803 3932 cursitabant,
1828 3870 2179 3929 exsultabant,
2198 3865 2533 3931 plaudebant,

1463 3946 1815 3995 mirabantur:
1853 3962 1913 3996 ac
1949 3946 2134 3995 deinde
2170 3942 2395 4006 singulos
2420 3955 2535 4004 ges·

1467 4029 1548 4070 tus
1573 4022 1796 4072 dominae
1815 4039 1931 4073 cum
1955 4022 2175 4073 canticis
2200 4019 2530 4079 reddebant:

1466 4100 1554 4163 qui
1571 4115 1707 4149 nunc
1726 4100 2054 4164 exiguissima
2071 4100 2242 4160 legata
2267 4094 2534 4158 theatralis

1466 4189 1639 4238 operae
1676 4177 1998 4224 corollarium
2036 4173 2294 4236 accipient
2332 4171 2398 4221 ab
2432 4171 2536 4219 hae·

1468 4250 1613 4314 rede,
1638 4253 1727 4316 qui
1751 4266 1853 4300 non
1876 4249 2207 4318 spectabat(
2249 4248 2362 4299 Ubi
2379 4248 2536 4310 longe

1470 4325 1651 4397 devius
1671 4342 1704 4378 a
1727 4340 1846 4379 vero
1869 4325 2197 4379 doctissimus
2217 4321 2354 4389 Aug.
2366 4320 2544 4397 Buclty
