3009 4942
500 376 681 449 uos

502 543 691 608 cuique
755 540 1021 605 adulandi,
1088 542 1422 607 accipiebant
1468 556 1568 606 pro

502 620 706 670 humilis
740 625 797 670 et
834 620 1024 684 abjecti
1070 621 1226 670 animi
1270 626 1433 680 nota3
1473 617 1567 669 aed

500 694 737 747 faventes
759 696 810 746 id
829 698 1127 748 comitatem
1157 697 1570 762 interpretaban-

503 780 591 825 tur
631 774 1039 839 bonitatemque.
1108 775 1276 839 Supra
1312 776 1470 825 etiam
1496 775 1570 824 di-

501 869 651 915 versa
675 854 879 919 judicia
917 854 1136 919 protulit
1168 853 1233 903 de
1257 853 1448 903 iisdenr
1462 866 1570 904 mo²

500 932 662 996 ribus,
704 939 764 983 ut
809 933 951 983 Hist.
988 945 1029 981 ι.
1054 934 1131 981 14.
1168 932 1184 959 ‘
1210 931 1569 981 AEstimatione

501 1015 652 1059 recta
688 1023 919 1070 severus,
949 1007 1183 1057 deterius
1221 1007 1570 1072 interpretan-

501 1084 646 1136 tibus
697 1083 897 1135 tristior
951 1082 1258 1134 habebatur.
1261 1083 1278 1106 '
1352 1084 1571 1136 Freinsh.

499 1159 532 1189 ‘¹
553 1162 857 1224 Largiretur
895 1160 1098 1212 aliena!
1187 1162 1374 1228 Neque
1429 1164 1570 1213 enim

500 1232 728 1287 bonitatis
744 1237 1050 1288 vocabulum
1078 1237 1237 1287 etiam
1253 1236 1487 1303 pertinet
1502 1238 1570 1288 ad

498 1313 842 1366 humilitatem
864 1315 1232 1374 excusandam,
1247 1322 1307 1365 ut
1323 1317 1425 1365 viri
1446 1316 1569 1367 doc·

500 1391 545 1441 ti
587 1393 848 1456 accepisse
887 1394 1147 1445 videntur.
1213 1395 1418 1460 Nempe
1438 1395 1570 1445 boni·

498 1473 577 1519 tus
597 1477 680 1520 est
702 1470 748 1520 ei
772 1472 1058 1522 liberalitas
1074 1472 1160 1521 vel
1181 1471 1566 1523 munificentia.

502 1549 929 1613 quemadmodum
975 1549 1098 1600 alibi
1148 1552 1383 1601 malitiam
1437 1550 1570 1600 dicit

500 1639 597 1688 pro
620 1626 854 1687 avaritia,
891 1634 951 1679 ut
974 1628 1111 1681 Anu.
1138 1644 1262 1681 xm.
1291 1634 1371 1680 31.
1394 1635 1449 1679 et
1472 1641 1567 1680 xv.

500 1704 587 1752 sl.
644 1702 956 1754 Plutarchus
1013 1721 1112 1770 pro
1161 1714 1383 1771 utroque
1434 1706 1570 1757 dicit

500 1778 812 1842 χρηστότητα
850 1781 929 1832 καὶ
963 1782 1403 1849 μεγαλοφροσύνην.
1440 1785 1569 1835 G'ro-

499 1870 684 1906 nomas.

565 1932 706 1983 Sicut
736 1921 935 1986 maliem
966 1937 1224 2002 quietique,
1266 1939 1339 1988 aa
1373 1939 1490 1988 ηιαιι·
1522 1942 1572 1988 et

497 2009 701 2073 atr-emti]
775 2011 1079 2077 Depravate
1125 2015 1360 2066 omnino:
1415 2016 1566 2079 lego:

498 2083 636 2135 Sicut
657 2087 922 2140 immodesti
940 2092 1196 2155 quietique.
1261 2091 1569 2142 Immodesti

497 2161 687 2226 qnietis
718 2175 1073 2231 opponuntur,
1112 2168 1248 2219 sicut
1283 2169 1406 2220 mali
1442 2175 1571 2220 stre-

497 2240 631 2290 nnis.
669 2243 875 2294 Colerus.

561 2314 659 2366 Sed
674 2317 873 2381 profusa
892 2320 1129 2384 cupidine,
1144 2327 1192 2372 et
1213 2321 1420 2387 insigni]
1446 2323 1569 2373 Cas-

497 2391 795 2458 tigavimus,
825 2397 892 2445 Et
910 2396 1109 2460 profusa
1128 2399 1369 2463 cupidine,
1386 2400 1570 2462 insigni

496 2471 766 2521 temeritate
799 2475 950 2536 legati
981 2475 1231 2537 legionum.
1268 2476 1567 2527 Rhenanus.

498 2547 696 2597 Mutet.
737 2549 866 2600 Sed.-
900 2565 1003 2600 non
1024 2553 1178 2604 valde
1202 2569 1453 2605 necesse:
1489 2561 1568 2605 ta-

496 2637 617 2674 men
642 2623 781 2676 forte
804 2630 1018 2680 rectius.
1054 2631 1241 2681 Acidol.
1309 2633 1390 2681 Ex
1425 2633 1567 2683 Flor.

496 2714 561 2751 ac
583 2702 718 2753 Ven.
757 2704 851 2754 Sea
869 2705 1066 2769 profusa
1091 2708 1324 2772 cupidine,
1344 2714 1394 2759 et
1413 2710 1568 2772 insig-

495 2778 567 2842 ni,
593 2781 677 2841 m.
742 2782 931 2844 Vulgo,
970 2785 1037 2833 Et
1065 2785 1261 2848 profusa
1280 2786 1502 2851 cupidine
1520 2790 1569 2837 et

495 2854 677 2918 insigni
698 2862 810 2906 tem.
858 2858 1109 2911 Piclieua.

559 2933 763 2982 ,Alienus
803 2937 1019 2999 Coecinu]
1084 2937 1238 2999 Mihi,
1280 2938 1384 2988 imo
1418 2938 1566 2989 libris

496 3006 723 3058 debetur
745 3025 920 3060 vemm
958 3014 1056 3063 hoc
1100 3014 1324 3064 Caecinae
1363 3030 1567 3066 nomen.

496 3084 636 3134 Nam
654 3086 726 3135 illi
743 3095 1045 3140 constanter
1068 3090 1292 3141 Alienum
1310 3094 1566 3146 scribunt.

498 3161 673 3211 Etiam
725 3163 780 3211 iu
837 3165 1018 3215 Dionis
1062 3168 1307 3231 Epitoma
1345 3183 1568 3235 semper,

497 3236 729 3297 Ἀλεηνός.
797 3242 1081 3293 Romanum
1117 3259 1241 3293 vero
1266 3245 1317 3293 id
1341 3260 1562 3296 nomen:

496 3319 554 3364 et
591 3319 782 3365 nummi
828 3328 1056 3383 exstant,
1090 3334 1136 3370 c.
1173 3332 1406 3371 ,cansam
1440 3335 1567 3373 mr.

496 3403 609 3444 cos.
631 3406 779 3445 ιτιιιι.
814 3408 1068 3446 Atrnuvs.
1094 3410 1317 3447 raocos.
1387 3399 1567 3448 Nomi-

495 3473 590 3519 nat
612 3476 666 3517 et
689 3471 961 3533 quemdam
989 3472 1232 3525 Alienum
1256 3474 1443 3525 Cicero
1479 3475 1568 3524 Di-

494 3543 755 3593 vinatione
774 3550 825 3594 in
847 3548 1082 3597 Verrem.
1136 3552 1374 3613 Vulgatis
1391 3561 1566 3603 tamen

493 3619 662 3670 Taciti
697 3624 841 3672 libris
879 3623 961 3673 hic
1003 3625 1066 3674 A.
1102 3625 1308 3675 Caecina
1338 3628 1563 3678 dicitur.
1549 3645 1562 3657 ·

493 3699 552 3745 et
575 3696 767 3758 Fastis,
795 3715 892 3761 quo
897 3714 921 3748 s
948 3700 1139 3749 eruditi
1163 3702 1259 3750 viri
1290 3707 1566 3753 concinna-

493 3779 637 3821 runt.
705 3777 771 3823 Δ.
817 3776 1047 3827 Heinius.
1117 3779 1270 3828 Unde
1315 3784 1569 3847 eruerint,

494 3846 671 3900 miror.
705 3850 915 3914 Lipsius.

556 3925 625 3976 A.
649 3929 868 3993 Coecina]
930 3932 1046 3980 Non
1084 3940 1328 3997 putamus
1366 3949 1459 3999 pro
1500 3936 1564 3986 A.

492 4008 641 4052 recte
663 4008 992 4057 emendatum
1025 4023 1139 4059 esse
1174 4012 1410 4074 Allienus,
1444 4028 1565 4061 nam

499 4079 690 4129 Coecinu
740 4098 840 4131 non
884 4100 1194 4150 cognomen,
1238 4089 1331 4138 sed
1378 4105 1563 4139 nomen

495 4152 706 4206 familia»
731 4156 857 4207 fuis.
836 4177 908 4218 Μι-
937 4173 1145 4213 constat
1180 4181 1244 4212 ex
1270 4168 1373 4216 alio
1398 4167 1564 4216 Caeci·

493 4242 584 4293 na,
606 4236 693 4297 qui
720 4236 777 4284 C.
807 4238 1094 4289 CAECINA
1132 4242 1420 4294 LARGVS
1438 4245 1565 4292 dici-

497 4304 619 4357 tu'r
602 4322 660 4359 ιιι
679 4311 1020 4378 inscriptione
1041 4315 1265 4370 fratrum
1279 4318 1568 4388 Arnalium,

1202 394 1423 446 NoTAE
1469 392 1873 446 vammum
1908 390 2009 446 'm

1647 546 1703 592 et
1732 540 1837 592 alio
1874 541 2023 605 item,
2057 541 2223 609 quiin
2244 539 2356 591 basi
2376 544 2571 591 statu&
2585 530 2716 590 Ves-

1646 620 1848 684 pasiani
1889 620 2141 683 Imperat.
2179 620 2371 670 dicitur
2410 621 2467 669 C.
2509 610 2718 668 GAECR

1646 697 1746 747 ΝΑ
1780 696 2046 749 PAETVS.
2130 697 2238 748 Hic
2275 703 2450 746 autem
2486 695 2605 760 ipse
2647 694 2713 746 At

1645 774 1858 825 Caecina
1878 773 2106 824 lrabetnr
2133 774 2272 838 apud
2310 788 2395 822 me
2421 773 2473 821 in
2490 771 2715 838 *antiquo

1643 851 1840 915 lapide,
1874 851 1950 901 ita
1970 852 2126 915 plane
2148 850 2447 914 inscriptus,
2477 849 2544 900 A.
2584 846 2715 899 ΟΕ·

1647 928 1841 980 CINA.
1940 928 2166 978 Nomina
2221 941 2347 977 vero
2401 925 2717 976 familiarum

1645 1005 1785 1070 apud
1809 1006 2069 1056 Romanos
2101 1004 2334 1055 omnibus
2377 1002 2550 1053 literis
2597 1002 2719 1053 scri·

1646 1082 1920 1147 bebantur,
1939 1098 2055 1134 cum
2075 1082 2394 1149 praenomina
2412 1080 2583 1130 unicis
2606 1085 2723 1129 tan-

1644 1164 1776 1223 tum,
1818 1161 1902 1210 vel
1946 1160 2170 1222 duabus,
2212 1164 2305 1209 ant
2350 1157 2417 1207 ad
2462 1168 2716 1206 summum

1645 1237 1811 1287 tribus
1831 1238 2026 1289 litteris
2048 1244 2372 1289 notarentur.
2414 1235 2639 1284 Ursinus.

1711 1317 1966 1366 Detectam
1985 1331 2017 1365 o
2038 1329 2090 1364 so
2112 1313 2330 1375 Verginii
2346 1308 2715 1374 undationem]

1643 1390 1973 1457 Scripsimus,
2003 1393 2189 1442 detecto
2222 1406 2254 1440 o
2273 1405 2324 1440 se
2357 1389 2500 1451 Virg.
2528 1390 2717 1438 cunct&

1643 1469 1789 1520 tione.
1823 1470 2060 1520 Rhenan.

1709 1546 2071 1611 Imperator-iam
2091 1542 2417 1609 dignationem
2431 1548 2480 1593 et
2504 1538 2716 1606 anime]

1644 1620 1874 1672 Faiirnus
1914 1623 2103 1672 omissa
2124 1622 2330 1685 copula3
2362 1625 2431 1684 et,
2468 1618 2712 1684 legebat:

1643 1698 1880 1765 imponere
1890 1700 1999 1761 jam
2016 1702 2204 1765 pridem
2227 1699 2350 1763 Imp.
2373 1697 2716 1760 dignationem,

1643 1777 1850 1839 auferre.
1883 1778 2121 1828 Ursinus.
2206 1775 2433 1826 Restitui
2467 1789 2536 1823 ex
2580 1773 2717 1823 Flor.

1643 1855 1793 1917 illud,
1814 1859 1878 1920 et,
1912 1855 1981 1904 Et
2022 1855 2275 1918 imponere,
2314 1855 2396 1915 ςτ.
2430 1848 2576 1916 qnod
2598 1862 2715 1899 cum

1643 1933 1812 1984 altero
1835 1934 2071 1999 sequenti
2094 1930 2453 1997 conjunctum,
2475 1928 2585 1978 vim
2609 1934 2718 1976 ora&

1642 2010 1777 2061 tioui
1816 2009 1980 2062 addit.
2048 2010 2205 2062 Quod
2250 2015 2422 2058 autem
2461 2004 2717 2070 sequitur,

1644 2092 1692 2138 et
1735 2084 1924 2147 werre
1954 2088 2139 2153 privati
2172 2087 2504 2136 securitatem.-
2539 2080 2717 2132 similis

1645 2174 1729 2219 est
1773 2167 2036 2217 sententia
2070 2166 2302 2216 Muciani
2337 2163 2405 2213 ad
2439 2159 2718 2226 Vespasia*

1644 2258 1785 2307 uum,
1809 2244 1897 2294 lib.
1921 2258 2029 2310 seq.
2063 2244 2080 2273 ‘
2108 2239 2524 2304 Confugiendum
2548 2242 2633 2287 est
2655 2230 2718 2285 ad

1646 2319 1953 2385 imperium.'
1992 2318 2172 2384 Magni
2193 2318 2331 2369 enim
2347 2316 2464 2377 viri,
2485 2310 2719 2380 suspecti

1647 2413 1852 2462 semper
1897 2395 2306 2463 imperantibust
2341 2400 2399 2443 et
2439 2391 2564 2442 ideo
2610 2390 2719 2439 vita

1646 2490 1827 2527 eorum
1877 2476 1932 2525 in
1988 2473 2286 2524 discrimine
2341 2477 2615 2522 versatur:
2661 2472 2719 2518 nt

1646 2553 1835 2617 passim
1854 2568 1921 2603 ex
1942 2552 2144 2602 Tacito.
2179 2550 2410 2601 Pie-hena.

1717 2630 1786 2680 Ut
1806 2629 2149 2694 concupisceret
2185 2630 2342 2690 magis
2378 2641 2520 2691 quom
2540 2630 2598 2675 ut
2618 2630 2717 2689 spei

1645 2705 1802 2768 roret]
1837 2705 2083 2769 Expnnxi
2107 2704 2435 2769 particulam,
2458 2707 2534 2751 at.
2585 2700 2718 2750 Rhe·

1644 2796 1830 2832 nanus.
1916 2781 2107 2847 Adjeci
2159 2786 2494 2846 postremum,
2536 2783 2612 2839 at,
2651 2784 2717 2845 εις

1645 2859 1784 2909 Flor.
1807 2864 1871 2909 ac'
1890 2859 2026 2909 Ven.
2058 2858 2157 2908 etsi
2198 2872 2301 2908 non
2344 2856 2713 2907 necessarium.

1648 2936 1877 2988 Piolienu.

1713 3014 1851 3063 Car.
1873 3018 1957 3064 5³.
1991 3013 2250 3080 Superiora
2272 3012 2562 3075 Germania]
2597 3007 2717 3060 Am·

1645 3090 1844 3140 mianus
1861 3090 2044 3141 scribit
2065 3091 2141 3140 ita
2162 3079 2353 3140 divisas
2372 3089 2564 3138 Galliae
2589 3088 2718 3138 Ger·

1645 3168 1939 3232 maniaeque
1978 3167 2289 3232 provincias.
2368 3166 2550 3215 Prima
2589 3163 2717 3214 Ger-

1646 3243 1818 3292 mania
1875 3243 2213 3307 Mognntiaco
2257 3241 2716 3306 Argentoratoque

1644 3320 1872 3370 nobilis:
1907 3320 2137 3370 secunda
2180 3319 2485 3380 Germania,
2516 3318 2581 3391 'in
2617 3330 2717 3384 qua

1648 3396 1940 3462 Agrippina
1963 3405 2018 3448 et
2039 3398 2259 3463 Tungri.
2303 3398 2481 3447 Prima
2502 3395 2721 3460 Belgica

1647 3475 2076 3525 Mediomatrices
2112 3481 2170 3526 et
2198 3474 2450 3523 Treviros
2487 3473 2712 3522 habenst

1646 3559 1756 3603 tum
1780 3554 2019 3604 secunda·
2037 3554 2243 3615 Remos,
2264 3553 2561 3617 Sequanos,
2598 3552 2715 3601 Am·

1647 3630 1827 3680 bianos
1863 3632 2163 3695 complexa.¹
2230 3631 2367 3679 Hinc
2406 3629 2716 3692 Lugdunen-

1645 3708 1714 3757 sis
1754 3710 1936 3773 prima,
1975 3712 2223 3766 Senones,
2262 3708 2547 3771 Bituriges,
2586 3707 2718 3767 Lug·

1644 3785 1858 3848 dunum,
1939 3784 2406 3850 Augustodunum:
2491 3778 2716 3831 secunda

1645 3863 2046 3925 Rothomagum,
2070 3856 2441 3913 Mediolanum.
2474 3854 2719 3909 'ruenti-2

1644 3953 1737 3988 nos
1760 3939 1926 4003 Alpe<
1950 3941 2270 3988 continebat.
2341 3940 2540 3988 Eodem
2565 3932 2718 3987 modo'

1643 4022 1699 4065 et
1719 4017 2016 4080 Aquitaniae
2038 4015 2169 4066 fines
2187 4017 2446 4065 distincti.
2479 4017 2717 4065 Alcida.

1712 4095 1823 4142 Cito
1864 4109 2092 4149 sermone,
2131 4100 2301 4143 erecto·
2322 4093 2527 4153 incessu,
2558 4091 2714 4140 studia

1643 4169 1848 4220 miiitum
1869 4170 2127 4234 allexerat]
2147 4171 2369 4220 Credam
2391 4172 2584 4234 potius,
2600 4169 2715 4219 scito

1642 4260 1881 4296 sermone.-
1902 4247 1989 4297 hic
2013 4247 2150 4298 euim
2176 4261 2388 4313 prorsus
2414 4247 2590 4295 valeat
2610 4250 2715 4294 stu-

1642 4320 1744 4373 diis
1777 4322 2092 4388 alliciendis,
2128 4337 2285 4390 quam
2316 4323 2461 4374 citas.
2504 4319 2735 4374 Acidal-
