3009 4942
484 412 659 478 3910
717 479 723 485 .

484 576 686 633 aitctor,
724 573 779 622 et
813 574 915 638 'quo
949 573 1093 640 quasi
1136 573 1348 638 digitum
1386 573 1554 622 inten-

483 650 597 700 dat.
662 652 781 701 Jam
806 657 979 700 autem
997 666 1099 701 non
1117 653 1214 700 hoc
1233 652 1346 700 vult
1362 651 1556 711 dicere,

489 725 519 756 ⁴¹*
554 730 903 791 promovenda
952 744 1100 778 usum
1143 743 1272 777 esse.
1356 729 1456 776 Sed
1497 734 1554 777 et

483 804 575 853 alii
598 804 805 869 quidem
834 805 986 854 verba
1008 807 1137 867 baec,
1161 819 1396 868 nunquam
1418 805 1549 863 bene,
1583 843 1594 855 .

483 896 602 947 quae
643 882 794 931 unice
833 883 1037 932 ostendi
1074 883 1382 942 debuerant,
1425 895 1548 944 quo-

485 970 701 1021 rumque
725 973 882 1007 causa
906 966 1015 1008 toto
1050 960 1163 1009 haec
1201 960 1451 1022 pericope
1477 959 1551 1005 in-

483 1033 671 1085 sumta
705 1042 802 1096 est,
838 1035 981 1084 velut
1017 1035 1185 1083 studio
1224 1034 1551 1083 abscondunt

485 1116 845 1173 premuntque.
914 1110 1207 1159 Freinshem.

480 1226 486 1231 .
549 1184 742 1233 dudicio
770 1185 1057 1248 perculerat]
1123 1185 1323 1246 Malim,
1341 1186 1548 1236 indiciae

481 1273 664 1308 eorum
685 1269 1004 1325 argumento,
1017 1278 1131 1327 quae
1151 1265 1333 1313 retulit
1342 1265 1551 1314 Tacitus

485 1348 604 1402 sup.
630 1339 664 1386 l.
690 1353 752 1389 Π.
827 1341 1047 1391 Ver-trau.

553 1414 688 1465 cm».
723 1420 803 1465 32.
861 1417 1052 1466 Veteres
1085 1421 1246 1482 populi
1282 1419 1422 1468 Rom.
1456 1418 1553 1482 res]

485 1491 612 1550 Non
631 1491 813 1542 dubito
836 1494 1106 1559 scripsisse
1119 1497 1356 1547 Tacitum
1381 1499 1556 1547 veteris

481 1569 638 1633 populi
666 1570 803 1619 Rom.
840 1586 933 1633 res,
963 1573 1099 1621 sicut
1135 1588 1293 1637 supra
1325 1589 1362 1624 1.
1387 1579 1435 1623 2.
1461 1575 1557 1629 ubi,

478 1654 660 1696 notam
686 1648 931 1696 Pichenae
956 1650 1072 1699 vide
1093 1666 1106 1698 z
1148 1665 1248 1714 quo
1271 1652 1423 1700 modo
1443 1652 1552 1701 Pli-

481 1725 569 1779 nio
610 1737 809 1774 xxxvt.
841 1730 895 1774 Ἴὃ.
930 1727 945 1753 ‘
970 1733 1178 1777 veteres
1218 1728 1396 1779 nostri’
1430 1736 1552 1778 sunt

482 1800 723 1869 majores.
798 1803 1094 1853 Freinshem-

548 1882 629 1928 Ad
672 1881 859 1930 interna
896 1884 1253 1948 proeverterent]
1319 1884 1551 1935 Accede·

481 1960 618 2017 rent,
641 1956 894 2008 venirent.
962 1961 1144 2011 Muret.

551 2031 779 2095 Princeps
816 2035 1086 2099 proferendi
1118 2039 1305 2104 imperii
1343 2041 1548 2090 incurio-

480 2122 559 2159 sus
579 2108 705 2173 erat]
735 2111 964 2160 Verbum
982 2122 1300 2176 postremum
1321 2118 1547 2168 aTacito

483 2199 584 2239 non
620 2200 734 2237 esse
772 2203 1046 2250 persuasus
1082 2206 1210 2242 sum.
1280 2194 1465 2253 Deleo,
1491 2203 1548 2244 et

479 2264 532 2312 in
556 2263 709 2313 alium
734 2280 937 2315 sensum
970 2269 1265 2334 distinguo:
1315 2272 1548 2334 inglorius

479 2339 643 2389 labor}
690 2342 884 2392 immota
918 2347 1085 2409 quippe
1117 2362 1165 2395 a.
1200 2363 1265 2397 m.
1305 2349 1337 2398 l.
1371 2364 1423 2411 p.
1462 2351 1543 2411 &a

481 2417 555 2471 Ut
581 2432 676 2480 per
697 2417 911 2483 figuram
938 2422 1109 2471 omnia
1132 2431 1407 2475 nectantur
1427 2440 1546 2474 cum

479 2508 610 2544 voce
635 2495 780 2557 labor,
817 2513 964 2561 quam
998 2500 1342 2551 Grammatici
1366 2501 1547 2567 Appo-

477 2572 716 2621 titionem
741 2581 947 2624 vocant.
1014 2577 1199 2627 Acidal.

546 2649 726 2698 Rerum
746 2656 900 2700 motus
919 2653 1156 2717 oriuntur]
1221 2657 1442 2707 Quidam
1471 2658 1545 2706 le·

480 2730 631 2789 gunt,
679 2729 901 2790 monitate,
968 2732 1057 2778 sed
1112 2745 1214 2780 non
1270 2735 1543 2786 assentior.

480 2802 719 2854 Muretus.
787 2803 817 2832 ⁴*
835 2819 1036 2868 semper
1058 2807 1242 2856 timent
1261 2808 1546 2859 Athenien·

478 2878 598 2928 ses!
665 2879 818 2930 Quod
856 2882 1089 2930 ultimum
1128 2883 1202 2932 ita
1224 2899 1399 2935 verum
1426 2886 1544 2950 fuit,

477 2960 539 3004 ut
559 2954 679 3004 inde
701 2955 921 3004 maxime
944 2956 1331 3009 Atheniensium
1361 2968 1545 3026 poten-

477 3032 556 3081 tia
576 3030 850 3081 destructa
872 3033 958 3081 sit.
1035 3035 1305 3087 Plutarch.
1330 3039 1380 3086 in
1405 3039 1545 3089 Alci-

475 3108 620 3159 biad.
653 3107 712 3157 τὸ
750 3107 801 3157 δὲ
821 3108 995 3173 τρίτον,
1018 3111 1099 3160 καὶ
1128 3113 1358 3176 μέγιστον
1377 3118 1546 3167 ἐπιτει-

477 3184 614 3247 χίσαι
636 3184 907 3236 Δεκέλειαν·
947 3186 1002 3238 οὗ
1033 3192 1224 3252 μᾶλλον
1255 3193 1390 3244 οὐδὲν
1428 3197 1544 3259 διερ-

476 3263 665 3327 γάσατο
703 3265 780 3315 καὶ
819 3268 1215 3334 κατοικοφθόρησε
1248 3272 1338 3331 τὴν
1366 3273 1541 3324 πόλιντ

473 3341 571 3393 i.‘e.
588 3343 800 3407 tertium,
808 3346 1018 3410 idemque
1030 3350 1305 3413 maximum,
1317 3351 1545 3402 moenibus

473 3420 824 3471 circumuallare
845 3416 1103 3487 Deceliam,
1133 3442 1225 3489 qua
1243 3442 1295 3476 re
1314 3430 1443 3477 nulla
1462 3445 1544 3492 po-

473 3497 572 3546 tior
598 3497 801 3547 exitium
820 3498 1033 3549 civitatis
1051 3502 1253 3552 invexit.
1320 3506 1543 3557 Saliner.

476 3573 704 3636 Lipsius,
737 3575 958 3638 monitus,
993 3593 1074 3626 me
1108 3580 1315 3643 quidem
1358 3582 1541 3633 adsen-

475 3649 676 3699 tiente:
728 3664 845 3699 nam
868 3652 1085 3703 aliorum
1107 3661 1258 3705 motus
1292 3659 1414 3709 nihil
1454 3661 1542 3709 ha-

471 3724 600 3776 bent
617 3726 743 3776 sani.
811 3726 1102 3779 Freinshem.

529 3802 674 3853 CAP.
700 3807 781 3853 33.
815 3805 1015 3854 Delecta
1036 3821 1098 3855 ex
1117 3807 1194 3856 his
1213 3814 1261 3857 et
1280 3815 1541 3875 temperata

471 3878 611 3928 simul
632 3894 692 3928 ex
711 3879 947 3943 omuibus]
999 3883 1178 3932 Trium
1200 3885 1413 3936 istarum
1434 3888 1540 3939 for·

470 3969 668 4005 marum
712 3957 1033 4020 respublicas
1073 3961 1183 4009 dari
1227 3961 1340 4026 ipse
1383 3967 1539 4018 modo

470 4031 668 4083 diserte
691 4034 932 4085 dicebat:
985 4037 1075 4087 sed
1100 4038 1321 4105 aliquam
1357 4057 1424 4091 ex
1459 4045 1538 4094 his

470 4108 727 4160 delectam
753 4118 910 4176 atque
942 4113 1020 4163 ita
1056 4113 1318 4179 libratam,
1340 4126 1398 4169 ut
1432 4137 1538 4171 om-

450 4186 608 4236 ·nium
647 4189 915 4238 commoda
953 4194 1352 4259 complectatur,
1378 4199 1538 4247 omni-

470 4278 557 4314 um
599 4265 764 4314 evitet
800 4266 948 4330 vitia,
986 4283 1102 4318 eam
1147 4285 1270 4321 vero
1314 4276 1536 4338 reperiri

470 4340 624 4393 valde
647 4349 824 4409 negat,
844 4344 1005 4411 idque
1026 4359 1092 4396 ex
1114 4362 1262 4413 vero,
1281 4349 1538 4418 quidquid

2332 363 2367 397 Ι

1095 428 1100 435 ·
1189 429 1408 478 No'rAE
1456 410 1859 478 vAi'uoauM
1911 429 1989 478 m

1628 574 1714 623 alii
1756 579 1938 623 contra
1983 572 2256 623 somnient.
2355 570 2511 621 Prius
2556 571 2690 621 enirn

1627 648 1884 699 formandi
1931 659 2104 700 essent
2160 649 2245 698 alii
2299 649 2531 698 homines
2583 647 2693 712 (alii

1629 726 1782 775 etiam
1829 727 2079 791 moribus)
2117 743 2182 775 ex
2220 725 2403 790 quihus
2445 722 2693 788 ejusmodi

1626 804 1831 867 respub.
1854 804 2228 853 institueretur.
2296 803 2592 852 Freinshem.

1697 880 1878 935 Quibus
1897 881 2045 929 modis
2077 884 2388 943 temperanter
2419 876 2693 940 haberetur]

1629 955 1747 1005 Hoc
1771 957 1923 1019 longe
1963 957 2272 1020 locupletius
2308 963 2408 1017 est,
2448 970 2599 1020 quam
2635 963 2692 1007 ut

1627 1032 1961 1082 exhauriatur
2003 1034 2208 1082 Gallico
2250 1037 2281 1081 ὰ
2334 1033 2533 1082 πιένίἐετ·
2574 1033 2696 1081 leurs

1626 1107 1797 1159 bovines
1815 1125 2010 1172 greces:
2061 1110 2197 1174 quod
2234 1110 2445 1173 quidem
2480 1123 2583 1156 nnn
2605 1120 2691 1156 ex·-

1624 1185 1871 1249 cluditur,
1892 1201 2059 1251 neque
2080 1187 2237 1235 etiam
2270 1185 2587 1249 praecipuum
2612 1189 2692 1234 est

1624 1275 1821 1322 eorum,
1844 1278 1960 1326 quae
2000 1263 2083 1311 hic
2122 1262 2470 1311 continentur.
2524 1260 2554 1289 ⁴*
2589 1272 2693 1309 mo·

1626 1338 1859 1388 dentum
1895 1338 2048 1388 esse!
2131 1341 2208 1387 Ea
2241 1339 2553 1402 temperantia
2591 1351 2690 1386 non

1625 1423 1892 1479 comparet
1915 1418 1965 1465 iu
1994 1416 2145 1480 Hisp.
2164 1419 2259 1466 Los
2277 1418 2452 1465 medios
2482 1432 2604 1480 para
2626 1421 2694 1465 toa·

1624 1495 1752 1542 aerio
1773 1499 2017 1543 contento.-
2066 1509 2185 1544 nam
2221 1495 2316 1542 boc
2353 1508 2529 1542 eorum
2554 1493 2693 1542 vide-

1628 1577 1790 1631 retur,
1813 1571 1898 1636 qui
1922 1572 2092 1621 omnia
2114 1571 2180 1619 ad
2203 1578 2382 1619 nutum
2420 1575 2476 1618 et
2514 1574 2689 1618 auram

1628 1647 1933 1711 popularem
1964 1647 2220 1711 dirigunt:
2272 1645 2570 1695 turbatores
2604 1658 2693 1708 po·

1628 1727 1730 1774 tius
1770 1726 1933 1789 plebis
1970 1733 2027 1774 et
2065 1726 2386 1788 reipublieae,
2414 1739 2565 1789 quam
2588 1724 2692 1773 cal·

1623 1802 1718 1850 lidi
1741 1809 2031 1867 temporum
2054 1809 2111 1852 et
2133 1803 2415 1864 sapientes.
2474 1801 2693 1852 Freinsh.

1693 1880 1859 1942 Neque
1894 1880 1993 1928 alia
2028 1894 2202 1939 rerum,
2239 1893 2379 1942 quam
2412 1876 2479 1940 si]
2547 1879 2689 1927 Fort-

1625 1959 1762 2018 atque
1800 1956 1898 2004 alia
1941 1972 2100 2006 rerum
2137 1972 2274 2019 quam
2310 1956 2367 2004 si.
2433 1956 2691 2004 Muretus.

1626 2032 1900 2097 Impendio
1938 2035 2086 2083 unius
2119 2032 2444 2097 parenthesis
2467 2032 2611 2081 locus
2634 2032 2692 2079 il-

1624 2111 1907 2159 lustratur:
1966 2111 2052 2160 Sic
2090 2125 2308 2159 converso
2359 2114 2506 2170 statu,
2550 2122 2692 2171 neque

1623 2190 1719 2238 alia
1761 2205 1936 2253 reram,
1975 2205 2115 2253 quam
2150 2190 2228 2254 (si
2266 2204 2385 2236 unus
2418 2187 2695 2251 imperitet)

1624 2266 1724 2314 haec
1745 2269 1973 2330 conquiri,
1989 2268 2207 2330 tradique
2227 2266 2276 2315 iu
2295 2281 2394 2315 rem
2415 2265 2606 2324 fuerit.-
2635 2264 2693 2313 ‘rb

1622 2344 1722 2391 alia
1742 2358 1917 2391 rerum.
1968 2343 1997 2371 *
2036 2343 2255 2392 Saliner.
2336 2342 2544 2405 Lipsius
2584 2338 2693 2391 rec*-

1624 2420 1835 2484 tissime‚
1868 2436 2010 2484 neque
2043 2423 2138 2470 alia
2174 2435 2227 2468 re
2264 2421 2403 2468 Rom.
2472 2420 2694 2468 Poterat

1623 2505 1795 2546 tamen
1822 2498 2061 2561 trajectio
2081 2497 2344 2560 usurpari:
2378 2496 2463 2544 Sic
2476 2508 2696 2544 converso

1619 2588 1763 2635 neque
1801 2574 1897 2621 alio
1937 2589 2094 2622 rerum
2130 2579 2279 2634 statu,
2301 2589 2439 2636 quam
2474 2573 2519 2620 si
2556 2586 2692 2633 unus,

1620 2653 1698 2713 &a
1766 2651 2002 2699 Muretus
2021 2651 2141 2715 quid
2163 2651 2408 2715 voluerit,
2441 2664 2558 2698 cum
2583 2664 2692 2697 mu-

1624 2732 1779 2788 taret,
1816 2731 1955 2790 atque
1987 2728 2089 2775 alea
2119 2742 2423 2790 rerum,cum
2459 2726 2504 2774 si
2536 2741 2693 2785 uuus,-

1620 2817 1722 2851 non
1746 2803 1963 2852 extrica.
2029 2802 2218 2853 Acidul.
2674 2856 2688 2870 ‚

1691 2882 1910 2930 Ceterum
1943 2886 1998 2930 ut
2027 2880 2306 2944 profutura]
2374 2881 2531 2930 Dixit
2551 2880 2690 2932 idem

1620 2958 1981 3022 Thucydides:
2035 2958 2127 3007 Καὶ
2150 2959 2198 3006 ἐς
2217 2957 2306 3019 μὲν
2325 2957 2550 3023 ἀκρόασιν
2581 2959 2692 3022 ἴσως

1620 3032 1679 3083 τὸ
1715 3035 1780 3096 μὴ
1816 3038 2019 3101 μιζθῶδες
2055 3036 2209 3084 αὐτῶν
2240 3034 2585 3100 ἀτερπέστερον
2602 3044 2693 3098 φα-

1621 3113 1784 3161 νεῖται.
1851 3111 2061 3176 Lipsius.

1688 3190 1758 3238 Et
1777 3192 1959 3239 easdem
1974 3190 2110 3238 exitu
2124 3189 2308 3252 causas]
2345 3190 2465 3238 Non
2482 3203 2688 3253 sperno·

1623 3267 1724 3316 Sed
1767 3265 1909 3317 forte
1953 3267 2171 3316 melius:
2229 3273 2279 3315 et
2320 3269 2505 3315 easdem
2547 3265 2692 3316 exitii

1618 3359 1810 3395 causas:
1874 3350 1933 3394 ut
1970 3344 2257 3410 majestatis
2300 3344 2469 3407 legem
2522 3344 2692 3408 desig-

1620 3430 1730 3480 net,
1768 3437 1884 3486 quae
1923 3428 2034 3471 tum
2068 3421 2289 3470 maxime
2323 3422 2688 3472 exercebatur.

1618 3501 1850 3550 Picheua.
2676 3524 2684 3535 ·

1688 3579 1840 3627 Obvia
1881 3592 2041 3627 rerum
2078 3576 2411 3639 similitudine]
2476 3575 2689 3640 Ubique

1618 3655 1901 3706 lectoribus
1931 3660 2254 3705 occurrente.
2305 3652 2494 3702 Mur-et.
2566 3655 2687 3702 Non

1619 3740 1812 3783 mutem
1834 3750 1847 3782 z
1882 3732 2019 3781 obvia
2038 3747 2100 3781 ex
2119 3746 2275 3781 rerum
2293 3746 2330 3780 s.
2347 3746 2387 3780 s.
2452 3729 2657 3781 Acidal.

1684 3809 1946 3870 Malefacta
1964 3808 2058 3857 sibi
2078 3807 2300 3869 objectari
2315 3808 2511 3871 putent]
2546 3807 2683 3856 Pliu.

1617 3885 1811 3950 Paneg.
1853 3887 1869 3914 ⁶
1894 3886 1971 3935 Ut
2008 3886 2061 3934 in
2103 3899 2159 3934 se
2196 3886 2338 3934 «licta
2374 3885 2686 3947 interpreta-

1616 3970 1816 4028 rentur,
1839 3979 1955 4029 quae
1978 3964 2044 4013 de
2065 3963 2321 4014 simillimo
2343 3960 2690 4015 dicerentur),

1613 4042 1844 4091 Picheua.

1612 4197 1752 4247 nimis
1772 4211 1833 4245 ex
1850 4210 1983 4259 prop.

1683 4275 1753 4322 Ut
1786 4276 1969 4322 auivnus
1997 4284 2060 4320 ex
2094 4267 2380 4335 propinquo]
2447 4269 2593 4318 Fort-
2628 4272 2683 4345 qs

1609 4351 1766 4403 aionis.
1814 4352 2014 4401 Mutet.
2089 4348 2278 4413 Vulgo,
2291 4351 2349 4396 ut
2367 4346 2574 4412 em,
2593 4344 2683 4401 ab·

1686 4121 1755 4168 Ut
1773 4119 1961 4168 animus
1982 4133 2045 4166 ex
2058 4118 2346 4182 propinquo]
2393 4116 2608 4179 begam,
2630 4119 2684 4164 ut
2763 4095 2767 4099 “
