3009 4942
770 482 915 536 mu.
963 483 1095 536 xv,
1140 485 1305 534 cap.
1335 468 1444 536 12.
1491 483 1931 539 ANNAMUM.

264 640 370 679 rum
392 635 544 679 amat.
582 630 812 683 Pioheau.

323 704 566 771 Imposuit,
603 725 694 773 quo
729 710 983 760 transitum
1025 711 1153 773 regis
1183 726 1312 761 urce-

261 782 383 845 rent]
416 785 553 835 Mur.
577 786 778 849 maluit,
800 804 921 852 quoe.
965 789 1095 838 Mihi
1120 794 1314 839 utrum·

262 872 357 922 que
379 859 560 910 eodem
596 862 729 913 loco.
768 861 1033 915 Acidaliae.
1099 865 1211 929 Ego
1230 866 1315 931 qui

259 936 475 987 mallem.
505 939 785 990 Gronoviur.

321 1013 523 1064 castello
566 1015 644 1067 cni
694 1017 978 1067 Amanum
1013 1033 1179 1068 nomeu
1219 1017 1314 1083 est]

261 1088 603 1156 Correximus,
625 1094 953 1148 Arsamosata.
988 1097 1281 1149 Rhenanus.

322 1168 417 1224 Qui
435 1169 488 1217 iu
505 1185 595 1219 uuo
616 1168 827 1234 habitur]
846 1172 933 1222 Ita
955 1172 1093 1223 Flor.
1123 1175 1313 1240 Vulgo,

257 1242 306 1292 in
319 1259 475 1295 anum.
512 1247 762 1299 Picheuaz

321 1321 389 1370 Et
405 1337 537 1384 oegre
567 1326 849 1388 compulsum
857 1324 1049 1390 ferunt]
1101 1325 1317 1377 Sustuli-

245 1406 362 1447 mus
397 1401 706 1462 particulam
732 1408 813 1452 et.-
855 1416 957 1453 uon
992 1411 1166 1454 autem
1201 1405 1316 1455 haee

259 1474 362 1523 sola
381 1484 678 1540 supererat,
716 1479 810 1528 sed
842 1495 962 1528 mox
999 1480 1126 1530 item
1161 1483 1318 1546 parti·

259 1552 417 1602 culam
454 1560 530 1617 ut,
561 1571 688 1619 oegre
721 1561 1000 1622 compulsum
1022 1558 1212 1624 serunt,
1240 1561 1317 1610 in-

257 1632 452 1680 stantem
474 1633 722 1684 Corbuloni
730 1634 992 1698 fateretur,
1011 1636 1317 1687 subauditur

257 1713 423 1758 autem
443 1714 517 1759 ut.
551 1711 842 1763 Rhenanus.
899 1715 979 1763 Ex
1001 1713 1148 1764 libris
1172 1721 1316 1765 vete-

258 1783 411 1848 ribus,
426 1789 714 1850 praesertim
733 1803 798 1838 ex
819 1790 955 1840 Plor.
973 1789 1150 1840 addidi
1166 1790 1315 1853 illud,

259 1864 319 1909 et.
369 1861 603 1913 Verbum
632 1871 825 1929 autem,
860 1866 1135 1930 instantem,
1156 1865 1319 1917 refer-

258 1941 339 1986 tur
372 1937 438 1987 ad
474 1940 759 2007 superiora,
791 1957 965 2005 tagum
1001 1943 1197 1994 bootem.
1229 1943 1318 1995 Pi-

261 2013 435 2066 ebena.

326 2092 395 2143 Ue
435 2093 695 2145 instantem
752 2095 1007 2146 Corbuloni
1052 2095 1318 2161 fateretur]

254 2167 351 2218 Vel
388 2171 612 2236 hostem,
660 2172 743 2221 vel
797 2179 993 2225 metum
1036 2188 1106 2223 ex
1148 2173 1316 2224 hoste.

262 2243 527 2297 Ferrettus.

323 2322 389 2372 Et
408 2324 585 2374 alarios
603 2324 920 2388 octingentos]
950 2323 1052 2376 Vel
1072 2341 1135 2377 ex
1154 2327 1323 2376 alariis

254 2399 563 2462 octingentos.
644 2401 748 2451 Sed
802 2402 987 2454 dubito
1030 2418 1098 2454 au
1136 2404 1321 2455 eadem

254 2481 428 2527 senten
435 2477 538 2549 tia.-
553 2477 819 2530 Acidaliae.

319 2553 455 2605 Car.
491 2559 574 2604 11.
611 2555 743 2604 Hine
757 2556 990 2621 peditatu,
1007 2556 1117 2608 inde
1138 2556 1319 2622 equite]

258 2626 432 2679 Codex
458 2630 739 2695 Budensis,
774 2632 907 2682 Hine
938 2634 1177 2701 peditatu,
1209 2636 1321 2686 ltine

258 2706 425 2770 equite.
461 2708 759 2759 Rhenanus,

318 2782 460 2832 Nihil
480 2788 664 2834 mutato
685 2785 895 2849 oonsilio,
915 2784 964 2836 vi
981 2802 1038 2836 ae
1058 2789 1202 2840 minis
1221 2791 1320 2840 ula-

256 2871 327 2908 rea
367 2859 632 2924 exterruit]
686 2861 774 2910 Ita
816 2862 1046 2913 Faernus
1083 2865 1320 2929 legebat,

258 2934 569 3002 dolebatque
637 2939 967 3005 particulam,
1011 2942 1111 2993 red.
1177 2943 1320 2993 Ursi·

259 3024 364 3063 nus.

316 3088 473 3138 Facta
490 3089 662 3152 soepius
683 3090 947 3155 eruptione]
981 3093 1053 3143 Et
1078 3092 1163 3143 hic
1184 3093 1322 3144 exci-

257 3160 352 3223 dit,
374 3171 467 3214 aut
488 3165 692 3216 sublata
705 3165 807 3216 fuit
829 3167 1042 3230 copula:
1078 3183 1231 3234 quam
1254 3184 1322 3220 ex

256 3235 389 3290 Ποῖ.
414 3254 643 3303 repone:
684 3240 1116 3308 suetoque.soepius
1144 3245 1323 3311 erupti-

257 3330 355 3367 one.
399 3318 654 3369 Pichena.

318 3394 417 3444 Per
442 3395 701 3460 longinqua
721 3402 770 3445 et
806 3396 940 3462 uuio]
989 3398 1324 3464 Praepositio-

258 3484 370 3521 nem
385 3489 474 3537 per
493 3476 855 3540 expunximus,
870 3477 943 3527 sic
957 3477 1321 3544 distinguendo

258 3552 600 3601 seutentiam:
652 3554 867 3616 peditum
898 3555 946 3604 ai
979 3557 1084 3619 quis
1117 3557 1321 3620 integer,

257 3623 509 3690 longinqua
530 3632 578 3677 et
609 3629 718 3678 ovio
732 3647 748 3678 .·
795 3630 1033 3681 vulnerati
1069 3637 1227 3682 eastra
1247 3648 1322 3683 re·

253 3702 477 3765 peti-ere.
578 3702 900 3755 Subauditur
962 3713 1101 3772 ante,
1157 3708 1320 3773 petiit.

255 3774 554 3839 Rhenanus.

321 3854 494 3905 Missis
524 3858 638 3908 item
659 3860 722 3907 ud
762 3859 1069 3910 Corbulonem
1085 3861 1323 3928 precibus]

258 3930 582 3996 Scripsimus,
604 3937 772 3986 Missis
799 3938 970 3988 iterum
990 3940 1055 3988 ud
1079 3939 1222 3989 Corb.
1238 3955 1318 4004 pr.

260 4004 555 4062 Rhenanus.
621 4013 947 4067 Florentinus
978 4022 1032 4065 et
1068 4015 1320 4078 Venetus,

255 4082 371 4134 item
387 4102 403 4133 .·
437 4087 481 4133 si
505 4088 820 4151 conjectura·¹
835 4090 981 4139 locus
1002 4086 1160 4154 esset,
1182 4089 1323 4142 face-

261 4171 389 4223 rem,
421 4162 700 4228 identidem,
722 4165 822 4216 boc
855 4174 952 4230 est,
985 4167 1171 4217 crebro
1206 4168 1322 4217 sub-

262 4234 411 4298 inde;
488 4239 625 4306 quod
694 4241 900 4308 quidem
927 4256 1133 4295 „sensus
1177 4244 1323 4296 velit.

266 4311 633 4368 Freinshemius.

325 4389 392 4442 Se
405 4391 563 4459 fidem
589 4393 804 4461 iuterim,
823 4396 966 4448 donec
986 4396 1088 4449 uita
1107 4398 1325 4464 mpedi-

2274 442 2452 542 4083

1385 638 1534 696 taret,
1573 633 1860 697 retenturos]
1914 634 1979 684 In
2020 633 2264 701 vulgatis,
2298 643 2453 687 reten-

1385 716 1544 759 tarum
1559 727 1576 760 .·
1623 717 1679 761 at
1717 711 1878 775 magis
1920 714 2134 777 placuit,
2175 719 2457 779 retenturos,

1386 802 1452 837 ex
1476 788 1615 838 Flor.
1641 803 1702 837 ac
1739 789 1867 838 Ven.
1903 804 2023 839 nam
2063 789 2126 840 ad
2162 790 2326 855 ipsum
2360 793 2456 842 du·

1387 878 1519 926 cem,
1556 869 1611 914 et
1643 863 1710 913 ad
1751 865 2033 915 exercitum
2068 864 2313 917 refertur.
2364 868 2454 918 Pi-

1386 940 1551 989 cheua.
2284 944 2289 947 '

1455 1017 1598 1068 Cae.
1654 1023 1734 1069 12.
1792 1019 2050 1083 Regionum
2117 1019 2454 1085 Comugeuom]

1386 1093 1540 1159 Syria
1561 1095 1810 1145 dividitur
1827 1097 1877 1145 in
1900 1096 2069 1160 plures
2090 1103 2282 1161 partes,
2304 1096 2455 1160 cujus

1391 1185 1490 1221 uua
1505 1186 1625 1237 pars
1643 1173 1955 1237 Comagena,
1972 1188 2088 1238 quae
2117 1172 2182 1222 ad
2201 1173 2457 1223 Amanum

1389 1252 1446 1297 et
1464 1248 1690 1298 Taurum
1713 1255 1912 1307 montes
1934 1249 2253 1315 extenditur.
2301 1248 2460 1312 Lupu-

1390 1340 1495 1376 aus.

1459 1402 1824 1453 Comitubuntur
1856 1399 2142 1465 exercitum]
2194 1401 2338 1452 Mur.
2364 1401 2456 1450 Co-

1389 1480 1671 1531 mitabutur.
1719 1481 1803 1531 Ad
1827 1480 1951 1547 quid
1973 1482 2130 1530 vero?
2159 1479 2426 1530 Acidaliae.

1455 1558 1646 1610 Proeter
1667 1559 1762 1611 olio
1775 1563 1960 1609 maneta
1982 1558 2120 1621 bello]
2143 1558 2283 1607 Flor.
2302 1561 2457 1607 sueta.

1391 1634 1642 1687 Piehena.

1455 1711 1520 1760 Se
1539 1711 1635 1761 nisi
1650 1710 1907 1765 victoribus
1927 1710 2157 1761 immitem
2177 1709 2298 1772 esse]
2334 1704 2459 1759 Cor-

1391 1782 1513 1837 bulo
1536 1787 1906 1853 primipilarem
1942 1787 2199 1850 hortatus,
2229 1793 2286 1836 et
2319 1798 2461 1836 cete-

1390 1879 1476 1916 ros
1498 1866 1711 1928 milites,
1750 1865 1838 1931 qui
1876 1867 2082 1916 Paetum
2115 1864 2169 1914 in
2200 1862 2337 1913 bello
2375 1862 2463 1912 de-

1392 1943 1697 2005 seruissent,
1716 1948 1777 1992 ut
1815 1942 1953 1991 illius
1975 1940 2148 2007 potius
2172 1938 2461 1989 misericor-'-

1392 2017 1532 2069 diam
1556 2020 1938 2084 experirentur,
1967 2033 2122 2083 quam
2162 2023 2221 2067 ut
2239 2031 2270 2065 a
2292 2032 2348 2065 se
2372 2016 2462 2067 de-

1393 2095 1633 2159 prehensi
1665 2094 1721 2144 in
1761 2094 1944 2144 eodem
1975 2092 2268 2158 perfugium
2307 2093 2463 2142 habe-

1392 2171 1694 2236 reut,dixit,
1712 2186 1767 2221 se
1783 2168 2069 2236 disciplinae
2086 2169 2326 2218 militaris
2343 2168 2461 2218 dili·

1394 2247 1750 2312 geutissimum
1771 2253 2088 2309 exactorem,
2105 2259 2206 2310 qua
2222 2244 2463 2295 deseren-

1393 2323 1533 2373 tibus
1551 2323 1651 2374 nisi
1666 2338 1697 2373 a
1711 2323 1931 2373 victoria
1948 2320 2199 2374 militibus
2218 2335 2319 2369 non
2342 2335 2463 2384 par-

1394 2405 1560 2462 ceret,
1576 2404 1634 2448 ut
1655 2413 1811 2463 supra
1826 2397 1920 2447 lib.
1939 2411 2069 2448 xm.
2092 2395 2356 2446 Suadebat
2380 2410 2468 2445 au·

1394 2480 1501 2526 tem
1515 2475 1745 2526 Corbul'o
1766 2474 2035 2539 militibus,
2054 2477 2150 2523 διο.
2166 2471 2197 2502 '¹
2242 2473 2464 2524 Vertruu.

1393 2553 1612 2617 Milites,
1635 2552 1725 2618 qui
1745 2551 1933 2603 ducem
1962 2552 2316 2603 Corbulonem
2344 2564 2463 2601 cum

1392 2628 1548 2679 Paeto
1592 2635 1941 2692 mutaverant,
1983 2626 2123 2677 falsis
2173 2625 2464 2676 nominibus

1393 2705 1706 2756 utebantur:
1743 2705 1972 2756 Corbulo
1986 2718 2151 2754 saevus
2169 2704 2463 2766 dicebatur,

1394 2780 1521 2849 quia
1538 2793 1714 2830 veram
1736 2779 1974 2830 militiam
1996 2779 2310 2831 revocabat:
2346 2780 2464 2830 Pae-

1394 2861 1498 2919 tus,
1519 2857 1681 2922 mitis,
1699 2857 1837 2923 quod
1866 2857 2099 2922 legiones
2119 2857 2135 2884 ‘
2157 2856 2464 2922 promiscuis

1392 2936 1616 2985 militum
1652 2936 2033 3009 ‘commeatibus
2073 2935 2467 2987 infirmaverat-³

1393 3011 1530 3063 Haec
1554 3011 1729 3061 omnia
1750 3010 1976 3063 Corbulo
2009 3029 2147 3064 nunc
2169 3014 2467 3066 ulciscitur:

1395 3089 1588 3139 Redite
1624 3088 1728 3155 (ait
1760 3102 1933 3139 amara
1953 3087 2215 3156 irrisione)
2254 3090 2318 3139 ad
2354 3104 2468 3140 ves·

1395 3170 1535 3215 trum
1550 3165 2002 3216 clementissimum
2016 3166 2199 3217 ducem
2214 3170 2229 3215 ἑ
2252 3166 2376 3231 quid
2387 3164 2468 3216 rei

1397 3243 1543 3293 vobis
1566 3249 1650 3294 est
1670 3258 1788 3294 cum
1820 3259 1903 3294 me
1928 3259 2084 3305 saevo,
2104 3243 2201 3309 qui,
2215 3243 2336 3294 solis
2356 3244 2464 3293 vic·

1395 3317 1596 3370 toribus
1641 3334 1840 3386 aequus,
1888 3321 2055 3369 victos
2103 3332 2268 3383 angue
2318 3319 2468 3383 pejus

1395 3414 1602 3464 semper
1631 3399 1750 3450 odi?
1785 3399 2067 3450 Soliaerius.
2131 3399 2347 3449 Frustra
2376 3413 2469 3448 ex·

1395 3482 1544 3527 ercet
1580 3490 1796 3526 acumen
1835 3490 1983 3527 suum
2029 3476 2184 3525 homo
2224 3474 2472 3539 optimus,

1397 3569 1553 3620 quum
1576 3553 1783 3606 obscuri
1823 3553 1947 3604 nihil
1970 3552 2055 3604 sit.
2118 3552 2237 3604 Non
2262 3551 2398 3602 enim
2423 3552 2470 3603 si

1394 3630 1482 3682 lib.
1506 3644 1640 3680 xm.
1681 3631 1884 3681 Pectius
1898 3631 2133 3694 Orphitus
2148 3627 2471 3694 primipilaris

1385 3705 1538 3773 jussu
1560 3707 1867 3757 Corbulonis
1891 3705 2130 3771 praesidio
2153 3705 2464 3770 praepositus

1395 3787 1843 3844 commemoratur,
1865 3787 1920 3831 et
1937 3781 2018 3831 hic
2040 3781 2238 3830 Pactius
2258 3780 2469 3829 centurio

1390 3858 1627 3924 primipili
1663 3873 1695 3909 a
1728 3858 1884 3908 Paeto
1907 3857 2083 3907 venire
2112 3856 2324 3917 dicitur,
2346 3853 2467 3904 ideo

1396 3941 1451 3985 et
1471 3949 1647 3986 omnes
1670 3935 1861 3984 milites
1878 3933 1963 3983 bic
1982 3932 2162 3983 obvios
2183 3931 2472 3983 Corbuloni

1394 4012 1582 4062 ducem
1618 4026 1735 4061 eum
1768 4025 1884 4060 cum
1919 4009 2073 4058 Paeto
2114 4013 2341 4059 mutasse
2379 4021 2470 4058 ne-

1395 4106 1540 4142 cesse
1580 4097 1682 4141 est.
1736 4088 1854 4139 Lib..
1888 4101 2019 4139 xm.
2056 4092 2155 4139 alu,
2186 4080 2470 4139 sunt'cum

1399 4166 1693 4217 Corbulone
1714 4165 1873 4215 tertia
1895 4170 1950 4212 et
1973 4169 2122 4212 sexta
2145 4162 2280 4225 legio
2303 4167 2358 4211 et
2376 4161 2470 4212 de-

1395 4257 1548 4292 cuma
1564 4259 1580 4291 z
1632 4240 1840 4292 easdem
1878 4239 2082 4289 obtinet
2113 4240 2212 4293 hoc
2234 4238 2323 4290 lib.
2346 4253 2394 4289 c.
2416 4243 2470 4290 6.

1396 4319 1581 4370 Paetus
1607 4322 1843 4383 quartam
1884 4323 1941 4367 et
1975 4316 2209 4382 quintam
2249 4321 2307 4365 et
2343 4314 2472 4365 duo-

1396 4396 1669 4448 decimam.
1736 4394 1856 4450 Nec
1891 4394 2103 4446 diversas
2124 4392 2268 4458 fuge
2305 4406 2472 4444 eoum
