3009 4942
289 3806 296 3813 .
367 3768 534 3817 causis
557 3771 738 3831 major.

791 455 937 505 Lm.
985 455 1088 505 ιν.
1132 452 1299 503 οΑΡ.
1328 436 1438 504 41.
1486 450 2045 505 HISTORIARUM.

314 598 566 662 auctoris,
583 600 682 651 «Sec.
704 598 733 630 ⁸
757 599 983 649 Pichena.

382 678 666 741 Modnmque
703 675 906 740 publicis
947 675 1189 740 impensis]
1245 676 1377 725 Fue-

309 762 438 804 runt
481 755 661 805 Roma²
709 756 851 818 leges
896 755 1227 816 sumptuariae
1271 753 1379 803 sive

315 831 545 894 cibariae,
588 848 700 896 ‹lua›
745 833 1028 896 impensam
1073 830 1381 894 praescribe-

312 914 433 958 rent
456 908 522 957 ad
550 910 803 957 luxuriam
837 923 1127 958 mensarum
1161 908 1383 971 compri-

315 986 574 1035 mendam.
643 986 776 1036 Vide
810 987 948 1036 Gell.
972 1000 1034 1036 ιι.
1060 990 1142 1035 24.
1182 992 1237 1035 et
1271 987 1385 1035 Ma·

315 1066 462 1116 crob.
500 1067 611 1115 Sat.
654 1080 738 1116 11¹.
782 1070 861 1115 17¹.
915 1066 1204 1130 Augustus,
1250 1073 1386 1116 teste

311 1145 535 1194 streton.
561 1144 730 1207 legem
772 1145 1143 1208 sumptuariam
1169 1159 1234 1194 ex
1258 1143 1389 1193 iute-

325 1236 419 1285 gro
437 1221 624 1270 sanxit.
694 1221 806 1269 Lex
830 1235 1036 1285 quoque
1068 1220 1264 1270 Fannia
1282 1221 1389 1269 lata

324 1305 425 1361 est,
462 1315 575 1364 quae
636 1300 768 1347 ludis
827 1299 1034 1353 modum
1076 1300 1389 1363 imponeret.

328 1375 502 1441 Supra
533 1377 838 1425 memoravit
878 1376 1045 1426 Tacit.
1079 1380 1179 1426 διο.
1221 1375 1251 1405 ⁴*
1295 1376 1393 1425 Lu-

328 1468 496 1516 panus.

399 1530 567 1578 Tertio
599 1530 821 1595 Juliano]
855 1529 1020 1579 Paulo
1059 1536 1178 1580 ante
1219 1531 1397 1594 habes,

278 1653 284 1659 .
333 1606 391 1657 T.
427 1608 638 1657 Juliano.
680 1609 974 1657 RhenanuS.
1008 1609 1074 1659 V.
1114 1625 1160 1658 c.
1201 1609 1392 1658 habet:

333 1683 466 1734 Titio
497 1685 726 1743 ,latinum
766 1691 819 1733 et
863 1685 936 1734 sic
977 1684 1113 1734 iufra
1153 1691 1394 1734 constan-

328 1767 432 1822 ter,
453 1776 566 1825 pro,
589 1762 748 1810 Tertio
764 1762 976 1811 Juliano.
1043 1764 1279 1812 Ursinus,
1343 1754 1349 1760 ’

397 1839 536 1887 'Inter
573 1839 844 1888 Musonium
886 1839 1069 1901 Rasum
1090 1846 1136 1888 et
1162 1840 1394 1904 Celerem]

335 1917 471 1967 Haec
509 1933 574 1965 ex
620 1917 793 1966 Dione
827 1917 1027 1968 disces:
1064 1932 1178 1967 nam
1203 1920 1400 1981 Vespa-

334 1992 506 2041 sianus
574 1994 926 2056 philosophos
959 2010 1135 2044 omnes
1205 2002 1401 2060 praeter

323 2069 631 2118 ·Musonium
657 2072 821 2120 Roma
836 2073 1056 2134 expulit.
1125 2073 1371 2137 ananns.

405 2147 674 2207 Demetrio,
697 2147 802 2211 mu]
852 2148 987 2198 Ann.
1028 2163 1143 2199 xvt.
1186 2150 1402 2199 Sueton.

334 2224 602 2289 Vesp.13.
647 2224 900 2288 xiphilin.
965 2225 1210 2275 Saviuius.
1256 2265 1260 2268 ,

405 2301 509 2364 Ipsi
549 2301 719 2350 Publio
756 2317 902 2364 neque
939 2304 1144 2367 animus]
1177 2303 1292 2352 Vox
1313 2300 1405 2351 ad-

339 2378 473 2438 dita,
495 2386 709 2427 auctore
729 2379 903 2428 Vatic.
973 2379 1101 2444 Lips.

411 2457 511 2520 Ipsi
535 2456 704 2504 Publio
726 2457 910 2505 animus
942 2457 994 2505 in
1024 2455 1273 2521 periculis]
1311 2456 1408 2505 Co·

343 2535 449 2584 dex
492 2535 623 2583 Bud.
685 2535 894 2582 mutilus
934 2540 1043 2594 est;
1119 2549 1237 2582 nam
1284 2533 1410 2581 ditas

344 2620 520 2674 voces,
542 2612 635 2674 ipsi
659 2610 847 2671 Publio,
882 2625 983 2660 non
1005 2610 1179 2660 habet.
1250 2611 1411 2659 Forte

346 2689 645 2752 legendum,
684 2703 828 2751 neque
865 2690 1064 2737 animas.
1117 2688 1409 2736 Rhenanus.

347 2765 552 2829 Lipsius
588 2781 650 2813 ex
685 2765 804 2814 Vat.
840 2764 1070 2813 restituit
1107 2780 1305 2825 vocem,
1336 2780 1413 2813 ne-

345 2857 456 2906 que,
480 2842 534 2890 in
557 2842 780 2905 vulgatis
805 2848 1096 2891 vacantem.
1163 2843 1291 2890 Eam
1316 2855 1415 2904 ego

351 2920 492 2969 Flor.
514 2921 828 2969 auctoritate
847 2918 1112 2970 confirmO.
1157 2918 1382 2968 Pichena.

418 2996 570 3060 Signo
621 2998 817 3065 ultionis
859 2998 909 3045 in
953 3002 1243 3046 accusatores
1282 2996 1417 3059 dato]

353 3074 475 3125 Non
502 3082 582 3123 est
622 3075 673 3122 in
711 3076 837 3124 Cod.
870 3074 1007 3123 Bud.
1030 3075 1165 3123 dato:
1200 3087 1421 3137 expone,

353 3152 488 3213 signo
520 3153 733 3212 ultionis,
757 3151 812 3200 id
835 3159 931 3213 est,
954 3151 1006 3199 in
1041 3152 1242 3215 signum
1267 3153 1420 3202 ultio-

358 3228 438 3277 nis
468 3229 520 3276 in
563 3237 910 3290 accusatores,
951 3228 966 3254 ‘
991 3229 1127 3292 petit
1158 3244 1188 3277 a
1212 3230 1422 3278 Caesare

359 3306 548 3357 Sunius
581 3306 863 3369 Mauricus,
887 3312 944 3354 ut
969 3320 1157 3356 comm.
1183 3306 1348 3370 princ.
1374 3321 1424 3369 p.

359 3382 576 3435 Senatui
599 3382 834 3432 faceret?
904 3384 1172 3432 Rhenanus.

452 3460 522 3509 Ut
566 3462 1002 3510 commentariorum
1068 3459 1426 3525 principalium]

363 3534 395 3565 ³
418 3543 546 3601 puta
568 3536 770 3587 Claudii
797 3538 1121 3601 et‘Neronis.
1187 3538 1274 3588 Ita
1306 3552 1428 3587 com-

363 3616 647 3662 mentarium
663 3615 894 3677 principis
914 3616 1134 3679 legimus
1157 3616 1295 3678 apud
1318 3615 1431 3664 Mo-

347 3688 714 3748 ·destinum,in
750 3693 782 3738 l.
810 3705 996 3742 xxxix.
1032 3694 1097 3743 D.
1143 3708 1208 3741 ex
1247 3691 1429 3757 quibus

806 3769 961 3818 Unde
987 3777 1037 3818 et
1061 3770 1146 3834 qui
1184 3770 1432 3834 principis

369 3850 743 3897 commentaria
777 3847 1177 3910 perscribebant
1210 3863 1435 3897 commen-

370 3925 597 3974 tarienses
631 3924 874 3986 appellati
914 3940 980 3972 ex
1020 3925 1243 3987 Vegetio
1278 3925 1369 3974 lib.
1394 3938 1432 3973 1.

371 4003 462 4068 qui
482 4004 697 4052 militum
734 4004 921 4059 munia,
941 4004 1016 4052 uti
1039 4005 1281 4052 excubias
1304 4019 1434 4052 oom-

372 4087 680 4143 meatusque
700 4090 753 4128 et
779 4083 879 4129 alia
903 4081 1212 4144 hujusmodi,
1235 4080 1287 4129 in
1303 4097 1439 4129 com-

375 4157 657 4206 mentarios
687 4156 996 4207 referebant.
1072 4160 1134 4206 Et
1170 4158 1307 4220 apud
1344 4157 1440 4207 JC.

376 4234 410 4283 1.
434 4236 485 4284 4.
520 4235 580 4281 de
622 4239 740 4283 cust.
774 4250 869 4282 reo.
913 4234 1265 4297 observamus,
1305 4233 1440 4281 Com-

377 4311 716 4360 mentarienses
737 4321 964 4371 vocatos,
988 4311 1077 4376 qui
1107 4310 1444 4360 detentorum

379 4386 592 4438 nomina
642 4387 698 4437 in
751 4386 1133 4441 commentariis
1186 4385 1444 4437 describe·

2330 434 2509 506 aest

1450 598 1593 659 bant,
1610 613 1670 648 ac
1705 598 1870 648 veluti
1898 594 2272 649 custoditorum
2297 599 2517 651 diarium

1454 675 1814 725 conficiebant.
1878 677 1964 725 Sic
1998 666 2205 742 accepti
2243 678 2296 727 in
2335 679 2370 727 l.
2393 692 2519 729 nv.

1455 755 1500 817 ς.
1524 757 1574 803 7.
1610 755 1682 803 D.
1711 754 1919 819 dejure
1952 754 2085 819 fisci,
2125 746 2521 805 Commentarioru-

1453 848 1546 896 σεε,
1567 849 1781 899 quorum
1818 849 1969 883 manu
2003 841 2121 883 acta
2159 835 2522 899 subnotantur,

1458 910 1660 975 quoties
1703 912 1841 974 apud
1879 911 2062 960 fiscum
2106 912 2294 976 agitur.
2382 912 2524 963 Illud

1458 1003 1585 1037 sane
1602 994 1863 1053 postremo
1883 980 2088 1039 minime
2107 989 2525 1053 praetereundum

1463 1065 1687 1129 videtur,
1719 1068 1855 1131 quod
1890 1066 2228 1120 admiratione
2263 1067 2398 1117 haud
2441 1083 2525 1117 ca·

1463 1159 1588 1202 rere,
1642 1145 1817 1208 credo,
1876 1145 2268 1208 explanationes
2313 1145 2421 1195 scil.
2472 1145 2527 1194 in

1465 1221 1760 1285 Virgilium,
1784 1220 2076 1284 Horatium,
2099 1222 2329 1286 aliosque
2350 1229 2529 1288 aucto-

1467 1313 1549 1348 res
1577 1300 1924 1348 Commentario
1946 1299 2191 1361 inscribi;
2224 1316 2379 1365 quum
2410 1316 2530 1350 com-

1468 1375 1720 1437 mentaria,
1743 1382 1802 1425 ut
1841 1376 2077 1439 diximus,
2115 1376 2291 1426 brevia
2323 1377 2446 1438 sint,
2469 1391 2531 1426 ac

1468 1454 1629 1502 veluti
1654 1468 1748 1517 per
1772 1453 1948 1517 capita
1977 1455 2189 1517 scripta,
2220 1455 2334 1504 haec
2356 1461 2533 1504 autem

1467 1529 1688 1581 fluxiore
1727 1532 1958 1581 oratione
1993 1529 2210 1596 fuseque
2243 1533 2345 1581 sint
2367 1531 2534 1581 literis

1470 1608 1731 1658 mandata.
1798 1610 1917 1659 Scio
1940 1609 2146 1673 quidem
2171 1609 2399 1658 Gellium
2422 1608 2536 1657 dix-

1472 1685 1575 1734 isse
1599 1702 1611 1735 :
1636 1686 1651 1712 ‘
1674 1687 1779 1737 Qui
1802 1687 2168 1736 commentaria
2185 1688 2241 1736 in
2261 1686 2537 1750 Virgilium

1473 1763 1790 1827 scripserunt
1813 1763 1846 1814 :’
1885 1771 1940 1814 et
1978 1765 2116 1814 alibi.
2183 1765 2300 1813 Scio
2334 1777 2539 1830 quoqne

1474 1838 1527 1888 in
1551 1841 1734 1889 scholis
1760 1840 1825 1890 ab
1866 1841 2201 1905 expositionis
2231 1841 2543 1891 excellentia

1475 1916 1759 1967 Aves-roem
1785 1920 2200 1968 communissima
2234 1918 2542 1983 appellatio·

1476 2009 1542 2042 ne
1585 2000 1992 2043 commentatorem
2032 1990 2251 2046 vocari.‘
2293 1996 2544 2046 Attamen

1477 2072 1617 2136 apud
1642 2071 1772 2120 alios
1803 2072 2050 2135 probatos
2076 2088 2136 2123 ac
2157 2073 2401 2123 classicos
2425 2088 2546 2123 auc-

1480 2156 1622 2200 tores
1644 2150 2029 2199 commentarium
2063 2150 2114 2197 in
2153 2150 2251 2199 hac
2293 2149 2550 2213 significa·

1480 2228 1626 2278 tione
1652 2242 1734 2276 me
1758 2228 1945 2291 legisse
1968 2227 2173 2275 minime
2200 2226 2546 2290 recordor,ob

1481 2305 1636 2370 idque
1676 2305 1767 2354 has
1802 2304 2115 2367 expositiones
2155 2304 2327 2366 potius
2352 2309 2407 2352 et
2440 2317 2549 2352 rec-

1483 2382 1587 2432 tius
1616 2382 2038 2431 commentationes
2069 2379 2313 2430 dicendas
2345 2393 2553 2442 semper

1483 2460 1683 2509 censui.
1748 2458 2012 2523 Siquidem
2057 2456 2397 2507 commentatio
2439 2466 2551 2518 pas-

1483 2538 1575 2585 sim
1601 2537 1711 2585 Cic.
1738 2535 2009 2585 meditatio
2045 2541 2141 2597 est,
2166 2539 2223 2582 et
2259 2532 2553 2596 praesertim

1484 2615 1521 2662 l.
1548 2612 1613 2662 de
1637 2613 1789 2662 Orat.
1813 2613 1828 2639 ‘
1855 2611 2079 2660 subitam
2105 2609 2392 2659 orationem
2416 2622 2553 2657 com-

1487 2694 1743 2740 mentatio
1791 2696 1847 2739 et
1883 2690 2134 2751 cogitatio
2173 2685 2328 2736 facile
2354 2682 2552 2734 i'incit.5

1489 2771 1561 2818 Et
1595 2770 1802 2832 iterum,
1831 2768 1846 2794 ⁴
1869 2782 1992 2831 quos
2038 2768 2179 2815 locos
2220 2765 2385 2812 multa
2423 2775 2559 2811 com-

1489 2846 1815 2898 mentatione
1858 2859 1919 2894 ae
1963 2842 2300 2893 meditatione
2344 2843 2557 2903 paratos

1493 2931 1646 2990 atque
1666 2922 1941 2986 expeditos
1957 2920 2147 2969 habere
2163 2914 2400 2966 debetis!
2424 2914 2562 2963 Mar-

1493 3004 1635 3053 cellus
1657 3003 1893 3051 Donatus.

1561 3082 1661 3129 Per
1704 3093 1820 3142 quos
1857 3074 2088 3137 nosceret]
2155 3075 2236 3122 Ex
2278 3071 2378 3120 illis
2422 3067 2561 3118 enim

1496 3145 1878 3210 commentariis
1963 3156 2290 3204 innotescere
2360 3147 2567 3200 senatui

1498 3242 1744 3303 poterant
1800 3234 2005 3283 nomina
2043 3245 2239 3294 eorum,
2287 3227 2377 3292 qui
2425 3223 2565 3288 apud

1500 3314 1764 3381 principes
1787 3309 2082 3373 praeteritos
2108 3306 2394 3355 delationes
2419 3314 2567 3351 exer-

1502 3395 1754 3440 cuerantz
1796 3393 1856 3436 ut
1898 3399 1966 3435 ex
1997 3384 2069 3437 eis
2108 3382 2325 3446 quisque
2364 3384 2568 3428 senato-

1505 3483 1618 3516 rum
1669 3466 1908 3528 eligeret,
1959 3475 2111 3526 quem
2169 3463 2455 3518 accusaret,
2505 3468 2569 3505 ae

1505 3542 1771 3607 perderet,
1793 3540 1939 3606 qnasi
1962 3541 2015 3588 in
2038 3538 2285 3587 ultionem
2309 3534 2439 3597 reip.
2482 3531 2570 3582 Pi-

1505 3619 1669 3668 chena.
2286 3636 2289 3639 ·

1578 3696 1922 3744 Consulendum
1965 3692 2057 3743 tali
2090 3707 2230 3756 super
2270 3707 2323 3741 re
2357 3687 2576 3753 princeps

1508 3772 1769 3837 respondit]
1811 3771 2059 3836 Reposui,
2081 3771 2405 3819 consulendum
2423 3766 2511 3816 tali
2530 3778 2571 3814 s.

1509 3865 1561 3898 re
1576 3849 1842 3912 principem
1859 3863 1980 3911 resp.
2047 3847 2276 3894 Rhenan.

1580 3926 1714 3975 Cap.
1738 3929 1819 3973 41.
1877 3925 1982 3980 Quo
2024 3921 2244 3970 certatim
2279 3932 2436 3968 omnes
2476 3932 2577 3967 ma-

1508 4004 1760 4067 gistratus,
1781 4000 1942 4048 caeteri
1973 4005 2026 4047 ut
2048 3996 2330 4047 sententiam
2350 3993 2581 4057 rogaban-

1514 4080 1618 4142 tur]
1654 4080 1869 4144 Regium
1894 4076 2160 4138 exemplar
2192 4073 2370 4133 habet,
2412 4069 2580 4118 Omnis

1514 4156 1648 4204 inens
1699 4155 2027 4216 magistratus,
2086 4149 2248 4200 coeteri
2293 4145 2582 4213 ⁴sententia-ns

1518 4233 1823 4294 rogabantur.
1892 4232 2052 4294 Lego,
2092 4226 2259 4277 Omnis
2302 4225 2454 4274 iniens
2483 4237 2585 4272 nm-

1513 4311 1770 4372 gistratns,
1794 4308 1954 4359 coeteri
1976 4306 2255 4356 sententiam
2274 4302 2583 4366 rogabantur,

1517 4386 1626 4437 deos
1647 4390 1789 4438 testes
1807 4384 2080 4437 advocabat.
2148 4382 2302 4434 Nunc
2325 4381 2463 4432 clara
2485 4378 2586 4428 erit
