3009 4942
483 376 684 464 -4094

498 555 722 620 nolentia,
745 554 797 605 id
818 558 915 617 est,
938 559 1105 619 grata,
1129 560 1364 619 accepta.
1414 553 1566 604 Idem

500 632 643 685 Hist.
664 634 698 683 l.
717 647 806 683 m.
849 633 1071 682 Muciano
1094 634 1294 682 valentia
1313 632 1564 696 scripsere.-

498 708 618 759 vide
638 724 753 776 quae
778 710 846 758 ibi
875 716 1021 758 notat
1047 710 1268 773 Lipsius.
1310 710 1533 760 Pichena.

455 843 465 852 ,
563 786 700 836 Car.
737 790 820 836 st.
862 787 998 835 Nihil
1033 801 1229 850 usquam
1261 787 1453 850 perinde
1488 789 1567 836 Ια-

496 867 604 913 em
621 863 739 926 sibi]
772 864 1016 913 Mihiboc
1037 864 1197 914 lucet.
1235 864 1567 923 Vertranium

496 940 673 1004 malle,
713 941 838 991 nihil
876 938 1067 1005 usquam
1101 941 1413 1004 periculosum
1452 940 1568 1003 sibi,

504 1018 808 1083 insipientia
831 1025 930 1067 est.
986 1018 1140 1068 Clare
1161 1019 1256 1068 hoc
1281 1020 1385 1068 ait:
1422 1019 1568 1069 Nero

500 1095 582 1145 uti
606 1095 775 1160 reipsa
797 1094 1093 1145 ostenderet
1131 1095 1324 1144 nullum
1356 1093 1456 1145 sibi
1494 1095 1570 1143 lo-

506 1185 623 1221 cum
649 1186 759 1236 prae
788 1172 952 1221 Roma
973 1185 1117 1220 esse:
1155 1169 1346 1220 struxit
1367 1170 1421 1219 in
1443 1169 1570 1236 pub·

505 1247 610 1297 lico
632 1247 886 1310 convivia,
905 1251 1006 1296 διο.
1073 1245 1278 1310 Lipsius.

569 1325 712 1374 Nihil
730 1341 926 1390 usquam
942 1326 1140 1390 perinde
1162 1326 1324 1374 lectum
1344 1324 1436 1375 sibi
1453 1325 1570 1390 pub-

497 1402 607 1452 licis
646 1403 782 1466 locis]
816 1403 919 1453 Hic
940 1403 1083 1453 locus
1118 1409 1201 1452 est
1242 1416 1475 1467 prorsum
1497 1402 1572 1451 vi·

501 1479 682 1529 tiatus.
750 1479 911 1529 Liber
952 1480 1336 1545 manuscriptus
1379 1478 1569 1528 habet:

502 1553 610 1610 Quo
631 1556 730 1618 ipse
747 1555 906 1620 fidem
924 1555 1188 1618 acquireret
1223 1555 1348 1604 nihil
1379 1569 1574 1618 usquam

497 1632 814 1697 perinelocum
857 1630 951 1679 sibi
1001 1633 1151 1680 locum
1189 1631 1390 1695 publicis
1443 1631 1573 1681 locis.

505 1706 842 1757 Divinatione
866 1713 947 1757 est
969 1722 1114 1771 opus.
1163 1708 1427 1772 Legerim:
1464 1708 1574 1772 Ipse

506 1783 759 1847 quofidem
786 1783 1067 1847 acquireret,
1089 1783 1212 1832 nihil
1231 1798 1428 1847 usquam
1446 1782 1572 1847 peri-

503 1860 707 1909 culosum
725 1859 838 1922 sibi,
859 1862 997 1909 loetus
1026 1860 1229 1924 publicis
1260 1862 1373 1910 locis
1390 1866 1574 1911 struere

508 1935 742 1998 convivia,
779 1941 967 2000 totaque
998 1937 1114 1987 urbe
1150 1939 1283 2002 quasi
1314 1942 1449 1988 doma
1469 1939 1574 1989 uti.-

502 2012 602 2062 hoc
621 2014 724 2076 est,
745 2015 1003 2078 struebat,
1028 2020 1185 2079 atque
1208 2015 1469 2065 utebatur.
1506 2015 1573 2065 Id

505 2088 742 2139 nimirum
766 2090 1050 2155 simplicius
1079 2099 1181 2156 est,
1204 2106 1358 2157 quam
1379 2093 1576 2157 legere,

498 2165 813 2229 periculosum
845 2167 945 2218 sive
979 2168 1317 2234 turbulentum,
1354 2182 1449 2233 pro
1482 2168 1576 2218 sibi

498 2243 681 2294 letum.
748 2245 1041 2297 Rhenanus.
1117 2247 1377 2312 Legerim,
1434 2247 1579 2298 Nihil

501 2331 698 2382 usquam
716 2320 1027 2383 periendosum
1056 2321 1165 2383 sibi,
1203 2324 1342 2372 lectus
1373 2323 1578 2387 publicis

508 2396 641 2461 locis,
660 2400 742 2461 ᾄσ.
774 2399 1098 2449 Vertranius.
1170 2399 1398 2451 Faernus
1431 2402 1576 2467 lege·

493 2472 637 2524 batt
696 2475 839 2525 Nihil
878 2491 1076 2539 usquam
1122 2477 1432 2541 periculosum
1484 2479 1577 2528 sibi

502 2549 707 2612 publicis
749 2552 880 2615 locis,
921 2554 1003 2615 ᾄσ.
1054 2553 1294 2604 Ursinus.
1368 2552 1434 2604 Id
1477 2560 1579 2619 est,

505 2625 783 2677 laetiorem
824 2628 986 2677 vitam
1025 2644 1081 2679 se
1115 2643 1366 2695 nusquam
1400 2642 1577 2696 agere,

506 2716 660 2768 quam
688 2706 887 2755 Romae.
956 2705 1183 2756 Piclrena.

573 2780 724 2836 Quasi
767 2782 993 2849 Tigillino
1029 2786 1232 2846 paratae,
1270 2787 1326 2832 ut
1363 2784 1577 2847 exempla

503 2854 736 2920 referam]
759 2860 831 2909 Et
850 2859 934 2909 hie
956 2859 1240 2924 depravata
1254 2859 1417 2910 verba
1437 2865 1576 2911 sunt.

506 2930 941 2996 Emendavimus3
968 2935 1099 2991 Quas
1118 2936 1344 2998 Tigillino
1362 2941 1578 3001 paratas,

502 3011 565 3056 stt
586 3010 849 3072 exemplum
872 3008 1057 3070 feram.
1122 3011 1225 3061 Ubi
1248 3010 1412 3072 seram
1444 3012 1578 3062 dixit

506 3097 605 3149 pro
624 3084 847 3145 referam.
883 3086 1177 3137 Rhenanus.
1224 3088 1365 3139 Mur.
1391 3089 1528 3144 Quas
1545 3104 1577 3138 a

511 3158 760 3222 Tigellino.
843 3162 1075 3212 Clariore
1118 3177 1289 3225 sensu,
1334 3164 1444 3212 sed‘
1472 3179 1575 3229 quo

507 3235 695 3285 eodem
718 3242 775 3286 et
794 3239 1083 3302 vulgatum.
1137 3239 1399 3291 Acidalius.
1452 3242 1575 3290 Flo-

507 3313 697 3363 reatini
719 3313 897 3379 lectio,
918 3316 1054 3372 Quas
1073 3331 1105 3365 a
1129 3317 1365 3379 mellino
1378 3323 1577 3381 paratas

503 3393 561 3438 ut
595 3393 859 3455 exemplum
894 3390 1116 3450 referam.
1180 3393 1395 3456 Vulgati
1418 3395 1575 3444 etiam

504 3463 666 3516 bene:
694 3482 810 3530 quas
829 3469 1061 3529 Tigellino
1080 3474 1293 3531 paratas.
1330 3470 1575 3523 Piehena.

575 3541 672 3591 Cui
699 3544 1034 3606 superpositum
1067 3546 1347 3610 convivium,
1382 3548 1576 3597 navium

500 3616 707 3666 aliarum
723 3622 879 3667 tractu
900 3620 1186 3683 moveretur]
1206 3622 1345 3683 Vox,
1363 3624 1572 3687 navium,

509 3708 542 3746 a
560 3696 786 3760 vulgatis
810 3697 1022 3746 aberat:
1077 3704 1221 3748 recte
1242 3700 1378 3748 enim
1401 3701 1574 3751 subin-

507 3771 675 3837 telligi
697 3778 928 3837 poterat.
980 3772 1081 3822 Sed
1108 3788 1224 3824 cum
1246 3776 1297 3822 in
1321 3776 1460 3826 Flor.
1484 3777 1571 3840 sit,

506 3850 819 3914 negligenda
854 3864 954 3901 non
976 3849 1092 3901 fnit.
1127 3852 1355 3902 Pie-hena.
1424 3853 1572 3904 Idem

507 3923 575 3974 de
597 3925 900 3976 Domitiano
938 3926 1140 3976 Plinius
1163 3928 1216 3976 in
1238 3929 1438 3979 coelesti
1470 3930 1574 3979 Pa-

509 4003 773 4066 negyrico,
812 4003 901 4053 ubi
924 4004 1214 4068 hujusmodi
1235 4019 1392 4055 naves
1422 4008 1439 4035 ‘
1458 4009 1576 4057 reli·

505 4083 673 4143 getas,
696 4079 980 4142 revinctas,
1020 4086 1074 4130 et
1096 4082 1243 4146 quasi
1262 4084 1461 4147 captas'
1486 4099 1575 4135 vo·

507 4160 613 4205 cat.
660 4156 676 4185 ⁴
700 4154 890 4220 Itaque
929 4158 1112 4220 procul
1150 4160 1217 4207 ab
1254 4161 1391 4210 omni
1426 4175 1572 4225 sono,

505 4229 842 4280 inconcussus
865 4232 975 4296 ipse
996 4240 1053 4283 et
1073 4234 1332 4301 immotus,
1351 4239 1573 4303 religato

503 4305 843 4373 revinctoque
893 4309 1124 4377 navigio,
1145 4358 1150 4365 ,
1171 4324 1276 4363 non
1317 4326 1466 4366 secus
1508 4329 1574 4366 ae

1207 408 1426 459 No'rAE
1476 406 1877 459 vamonma
1926 408 2007 458 IN

1639 554 1898 618 piaculum
1920 551 2146 620 aliquod,
2167 551 2486 604 trahebatur.
2540 535 2702 601 Foed'a

1639 628 1820 692 facies,
1844 646 1962 680 cum
1993 630 2167 695 populi
2193 630 2342 680 Rom.
2406 618 2705 693 Imperetur

1642 710 1865 763 alienum
1909 722 2135 771 cursum,
2179 707 2502 773 alienumque
2538 710 2713 756 recto·

1641 802 1771 850 rem,
1808 788 1954 837 velut
1992 792 2150 851 capta
2176 799 2328 849 nave,
2366 780 2709 849 sequeretur!

1641 863 1965 914 Booehomius.

1708 940 1981 990 Illustribus
1990 939 2187 1002 sentinis
2205 938 2454 1003 completa]
2487 935 2709 1001 Corrigo

1641 1019 1692 1068 in
1716 1019 1810 1069 hac
1850 1017 2110 1069 sententia
2140 1015 2441 1068 Suetonium
2483 1027 2602 1077 cap.
2625 1016 2711 1063 27.

1639 1095 1657 1124 ⁴
1683 1092 1924 1160 Insignes
1951 1109 2130 1159 ganeae
2158 1099 2216 1142 et
2255 1098 2603 1141 matronarum
2636 1089 2712 1138 in·

1643 1172 1846 1223 stitorio
1870 1185 2029 1235 copas
2050 1167 2394 1219 imitantium?
2447 1168 2711 1232 Legoque,

1642 1249 1903 1311 institoria,
1925 1262 2021 1312 pro
2043 1246 2172 1296 locis
2194 1245 2332 1310 ipsis.
2399 1244 2613 1308 Lipsius.

1714 1326 1786 1374 Et
1807 1329 1973 1374 cantra
1985 1329 2140 1374 scorta
2161 1321 2455 1384 visebamur]
2475 1320 2715 1373 Particu-

1645 1403 1695 1452 la
1721 1412 2056 1466 connectens,
2071 1406 2254 1463 ennon
2276 1390 2424 1450 estin
2446 1397 2719 1448 volumine

1649 1479 1784 1531 Bud.
1850 1479 2122 1529 Rhenanus.

1714 1557 1785 1606 Et
1795 1562 2043 1621 postquam
2058 1555 2260 1605 tenebroe
2277 1553 2581 1619 incedebant]
2600 1551 2715 1602 Ma-

1645 1633 1754 1696 lim,
1776 1632 2059 1683 incidebant.
2126 1634 2424 1682 Rhenanus.

1715 1709 1862 1759 Misit
1884 1710 2095 1773 auspices
2108 1709 2246 1773 dnos]
2278 1709 2364 1759 Sic
2383 1708 2436 1757 in
2453 1705 2713 1758 volumine

1648 1785 1785 1836 Bud.
1828 1786 2040 1850 legitur.
2123 1787 2279 1835 Forte
2318 1785 2499 1834 melius
2534 1801 2550 1835 z
2613 1783 2716 1834 Vixi

1646 1861 1857 1925 auspices
1892 1864 2015 1912 duo.-
2048 1877 2167 1912 nam
2195 1863 2449 1927 sequitur,
2486 1861 2503 1888 ‘
2525 1865 2717 1910 cuncta

1651 1939 1807 1988 etiam
1838 1943 2078 2002 spectata
2098 1937 2132 1988 :'
2172 1938 2281 1987 sive
2321 1945 2381 1988 ut
2423 1938 2477 1986 iu
2518 1936 2715 2001 scripto

1650 2015 1832 2065 codice
1857 2015 2062 2079 legitur,
2099 2019 2354 2079 aspectata.
2419 2004 2717 2064 Rhenanus.

1649 2088 1813 2154 Alias,
1843 2092 1978 2140 missi
2013 2092 2223 2155 auspices
2252 2093 2359 2141 duta.
2425 2091 2718 2141 Ferrettus.

1650 2167 1857 2231 Lipsius
1879 2168 2110 2218 correxit
2130 2182 2196 2217 ex
2221 2166 2445 2232 Sulpitio
2480 2168 2677 2217 Severo
2699 2182 2725 2235 ς.

1650 2260 1754 2311 quo
1794 2244 1921 2294 nibil
1974 2245 2167 2295 certius
2205 2249 2366 2308 puto:
2418 2257 2539 2294 uam
2579 2244 2716 2294 Flor.

1650 2323 1808 2373 etiam
1832 2337 1939 2386 prae
1962 2337 2020 2372 se
2040 2320 2149 2372 fert
2169 2334 2309 2372 verae
2339 2321 2585 2391 lectionis
2607 2336 2717 2372 ves-

1651 2399 1828 2463 tigium
1855 2415 1870 2461 3
1895 2399 1983 2465 qui
2000 2399 2194 2449 habet:
2221 2399 2366 2448 Missi
2385 2399 2601 2462 auspices
2620 2399 2718 2449 aas.

1650 2475 1901 2527 Pichena.
1966 2477 2043 2525 Ut
2085 2481 2231 2526 reete
2271 2476 2551 2541 legendum
2586 2472 2720 2526 vidit

1651 2553 1875 2618 Lipsius,
1907 2554 1982 2602 ita
2003 2559 2059 2602 et
2078 2553 2387 2603 Torrentius
2410 2552 2474 2602 ad
2498 2551 2718 2602 Sueton.

1650 2629 1778 2679 Ner.
1801 2633 1884 2678 28.
1918 2642 1984 2677 ex
2016 2628 2241 2692 Sulpitio
2256 2628 2466 2679 Severo.
2536 2626 2643 2677 Sed
2665 2631 2719 2677 et

1650 2705 2011 2756 Florentinum
2037 2720 2184 2755 suum
2209 2705 2512 2770 adstipulari
2534 2698 2728 2755 Piche'·

1649 2798 1717 2833 na
1741 2788 1982 2833 testatur.
2046 2782 2243 2832 Merito
2275 2789 2403 2846 ergo
2422 2782 2535 2832 liaee
2556 2781 2719 2832 lectio

1653 2857 1932 2924 praefertur
1950 2859 2196 2924 vulgatae,
2235 2859 2372 2908 missi
2389 2858 2604 2922 auspices
2616 2860 2722 2909 duo.

1655 2936 1968 2987 Freinshem.

1722 3015 1904 3063 Cuncta
1919 3014 2115 3077 denique
2134 3011 2366 3077 spectata]
2388 3012 2721 3078 Manuscrip·

1656 3095 1740 3140 tus
1761 3090 1914 3153 liber,
1935 3094 2101 3139 cuncta
2115 3090 2260 3139 etiam
2274 3093 2537 3152 aspectam.
2571 3089 2723 3138 Plus-

1657 3184 1757 3235 que
1780 3175 1860 3219 est
1880 3174 2118 3233 asper-tata
2141 3181 2292 3234 quam
2309 3171 2539 3231 spectata.
2593 3168 2726 3218 Ver-2

1648 3247 1776 3296 ‘bum
1797 3247 2070 3312 aspectandi
2091 3245 2183 3296 lib.
2223 3259 2263 3295 1.
2304 3251 2545 3310 usurpat,
2559 3244 2576 3273 ‘
2598 3245 2723 3295 Om-

1654 3324 1752 3388 nis,
1772 3330 1933 3374 exuta
1955 3322 2253 3387 aequalitate
2282 3321 2432 3384 justa
2466 3320 2722 3386 principis

1653 3400 1994 3466 adspectum?
2029 3399 2300 3449 Rhenanus.
2367 3398 2635 3449 Dancsius
2658 3412 2723 3447 ex

1653 3492 1705 3527 v.
1723 3492 1769 3528 c.
1786 3478 2010 3542 legebat,
2029 3480 2284 3540 aspectata.
2351 3473 2595 3526 Ursinus.

1719 3554 1854 3605 CAP.
1887 3559 1967 3605 38.
2007 3552 2235 3602 Omm'bus
2281 3565 2384 3615 quae
2429 3551 2545 3601 huic
2593 3546 2721 3614 urbi]

1653 3631 1962 3680 Parentlresi
1981 3631 2182 3679 sublata
2201 3627 2629 3692 conjunctionem
2644 3628 2723 3677 sed

1654 3705 1990 3757 inseruimus:
2037 3706 2133 3755 Sed
2170 3705 2380 3754 omnibus
2402 3720 2507 3767 quae
2530 3705 2580 3753 h.
2604 3719 2653 3755 u.
2664 3719 2718 3768 p.

1651 3784 1765 3833 nial.
1803 3783 1842 3832 i.
1880 3783 2169 3842 acciderunt,
2190 3781 2389 3843 gravius
2419 3785 2565 3846 atque
2596 3786 2724 3831 atro-

1651 3860 1770 3909 cius.
1836 3859 1989 3910 Nova
2026 3859 2287 3908 sententia
2325 3865 2439 3908 est:
2482 3857 2721 3910 subaudi·

1654 3943 1758 3997 tur,
1777 3935 1833 3984 ia
1852 3935 2208 3984 incommodum.
2243 3933 2545 3985 Rhenanus.

1720 4011 1791 4060 Et
1829 4025 1996 4060 rursus
2024 4009 2255 4070 inferiora
2271 4011 2562 4075 populando]
2594 4011 2719 4062 Par·

1653 4086 1865 4136 ticulam
1886 4091 1935 4137 et
1954 4086 2258 4136 delevimus.
2317 4086 2591 4139 Rhenanus.
2625 4086 2718 4138 Co·

1653 4163 1847 4225 pulam,
1868 4168 1936 4226 et,
1973 4161 2154 4211 addidi
2176 4176 2243 4212 ex
2264 4163 2403 4212 Flor.
2468 4163 2719 4213 Pichena.

1720 4238 1918 4303 Hacque
1938 4245 1986 4289 et
2008 4239 2302 4305 illucflexis]
2345 4239 2462 4290 Nec
2482 4240 2584 4290 hoc
2607 4238 2714 4289 loco

1650 4314 1819 4367 codex
1839 4316 2215 4383 manuscriptus
2240 4315 2617 4382 particulariter
2631 4317 2714 4368 has
