3009 4942
675 370 678 377 ⁴
769 413 933 479 ms.
979 412 1123 462 xu.
1167 409 1333 462 car.
1374 395 1485 461 65.
1533 408 1976 461 autumnat.

281 554 651 609 Mamm
682 568 937 621 responso
970 554 1115 606 ‘fore
1155 562 1216 606 ut
1254 552 1347 605 im-

285 640 502 699 peraret
561 635 722 697 Nero,
774 640 1098 699 matremque
1144 632 1349 684 occide·

286 710 425 771 ret3’
470 709 679 774 dixisse,
708 711 724 739 ‘
744 710 991 776 Occidet,
1022 711 1144 762 dum
1188 712 1351 776 impe·

285 788 408 839 ret?
439 788 803 840 Freinasmius.

356 867 491 918 CAP-
513 872 595 918 65.
616 866 691 915 Οὸ
704 867 805 916 hoec
823 881 951 917 mors
968 865 1147 930 indita]
1157 816 1350 928 Forte,

221 941 485 993 asinatas.
523 941 821 993 Rhenanus.

291 1043 300 1051 ·
356 1020 510 1069 Pares
551 1022 721 1071 iterum
753 1022 1002 1071 mnndi
1023 1036 1211 1071 caussas
1229 1019 1351 1084 esse]

290 1095 428 1147 Haec
453 1099 699 1148 mendosa
713 1113 815 1148 nou
830 1105 967 1162 sunt,
988 1100 1082 1150 sed
1100 1100 1353 1161 obscura;

291 1188 408 1239 quae
450 1181 626 1224 tamen
665 1191 848 1240 parum
883 1176 1037 1241 juvat
1087 1177 1353 1228 distinctio

291 1248 574 1300 doctissimi
599 1251 725 1314 ariri,
756 1254 773 1281 ⁴
797 1252 961 1302 Pares
989 1255 1176 1303 iterum
1207 1269 1356 1304 accu-

292 1326 444 1377 sandi
464 1342 669 1378 caussas
706 1343 821 1379 esse
844 1329 886 1379 si
926 1331 1072 1381 Nero
1094 1331 1359 1395 imperita·

293 1410 398 1454 ret.
481 1405 787 1458 Britannico
824 1422 1120 1458 successore
1159 1409 1358 1459 nullum

291 1480 521 1550 principi
538 1483 813 1533 meritum.’
859 1482 1135 1534 Narcissus
1158 1483 1362 1534 scilicet

292 1559 790 1624 horrebat-regnum
819 1561 1126 1624 Britannici,
1148 1561 1285 1628 quod
1306 1563 1361 1612 in

295 1650 416 1688 eum
451 1636 704 1689 beneficia
725 1653 984 1704 nunquam
1016 1641 1357 1691 contulissett

294 1713 501 1766 sciebat
522 1714 565 1764 is
587 1713 827 1778 profecto
864 1717 1113 1783 (indeque
1137 1717 1235 1769 sibi
1257 1732 1361 1767 me·

296 1791 411 1858 tus)
434 1807 499 1844 eo
519 1793 831 1858 imperatore
866 1812 923 1848 se
964 1804 1161 1849 certam
1195 1799 1365 1864 perni-

295 1870 431 1921 ciem
466 1885 697 1935 manere,
738 1873 807 1923 ob
842 1880 1137 1925 accusatam
1165 1882 1222 1927 et
1242 1890 1364 1926 con-

293 1945 489 2000 victam
510 1954 727 1998 matrem
749 1949 1102 2003 Messalinam.
1165 1951 1181 1979 ‘
1199 1952 1366 2016 Spon-

299 2038 387 2075 sus
419 2025 534 2089 jam
567 2031 626 2075 et
662 2041 823 2091 gener
867 2028 1127 2079 Domitius
1172 2030 1366 2094 aequari

299 2101 610 2152 Britannico
628 2104 812 2153 studiis
827 2106 1026 2170 matris,
1038 2112 1151 2156 arte
1165 2121 1365 2168 eorum,

276 2176 418 2243 'quis
443 2177 511 2228 ob
534 2184 832 2229 accusatam
863 2179 1197 2232 Messalinam
1235 2182 1366 2232 ultio

299 2269 372 2306 ex
392 2254 502 2305 filio
525 2256 867 2309 metuebatur.
870 2257 886 2280 '
920 2260 1032 2323 Ego
1057 2261 1159 2310 alia
1173 2267 1370 2325 puncta

305 2330 653 2383 adhiberem·
708 2349 849 2397 pares
897 2335 1073 2386 iterum
1121 2338 1369 2387 amandi

302 2423 640 2469 mmmm
680 2411 754 2460 si
769 2411 903 2462 Nero
931 2412 1231 2477 imperitaret
1252 2412 1371 2464 Bri-

306 2488 497 2540 tannico
524 2503 783 2541 successore
800 2491 981 2540 nnllam
1007 2491 1216 2557 principi
1233 2489 1373 2543 meri·

295 2569 428 2617 ᾑιιιι.
496 2566 570 2617 Ει
610 2566 655 2616 is
690 2565 771 2631 (ni
799 2564 978 2632 fallor)
1019 2573 1102 2618 est
1142 2568 1370 2619 sensus:

305 2641 469 2694 Parvi
490 2640 666 2694 facere
682 2641 929 2693 deberem
949 2643 1255 2711 (Narcissus
1276 2642 1375 2712 ait)

307 2718 455 2772 Nero
497 2733 566 2770 an
618 2720 954 2771 Britannicus
1002 2727 1207 2786 regnet,
1254 2736 1374 2773 nam

306 2797 436 2850 mihi
449 2797 526 2848 ab
546 2804 767 2863 utroque
789 2797 1005 2848 exitium
1020 2798 1290 2865 impendet
1311 2816 1324 2849 ε
1345 2815 1377 2849 a

308 2876 490 2942 priore
513 2881 733 2940 propter
752 2874 946 2940 odium,
967 2890 1066 2941 quo
1082 2883 1249 2928 mater
1264 2878 1378 2942 ejus

309 2967 394 3004 me
416 2952 680 3019 perditum
703 2954 881 3017 cupit:
919 2969 951 3003 a
975 2953 1202 3004 secundo
1222 2968 1378 3019 prop·

311 3034 396 3081 ter
420 3030 621 3080 caedem
640 3029 967 3082 Messalinae:
994 3045 1170 3081 verum
1194 3036 1276 3081 tot
1295 3044 1379 3080 me

309 3105 585 3158 beneficiis
606 3107 853 3158 Claudius
871 3113 1177 3171 prosecutus
1200 3113 1300 3172 est,
1323 3113 1383 3157 ιιι

309 3183 475 3235 vitam
499 3184 673 3248 potius
702 3183 777 3233 ibi
810 3182 1124 3249 profundere
1146 3184 1384 3249 debeam,

310 3262 406 3314 ubi
449 3262 499 3312 ei
531 3264 716 3312 saltem
737 3277 967 3327 caveam,
996 3271 1051 3313 et
1072 3263 1224 3314 saluti
1245 3263 1340 3313 sim
1366 3279 1380 3313 z

314 3341 455 3407 quod
480 3341 708 3405 eveniet,
742 3343 785 3391 si
807 3342 1065 3393 delatione
1089 3348 1384 3407 pervertam

314 3420 589 3475 Neronem
644 3425 699 3470 et
752 3418 1097 3484 Agrippinam
1165 3419 1385 3469 Claudio

312 3494 644 3548 insidiantes.
708 3497 764 3547 Is
808 3503 994 3562 postea
1036 3511 1103 3546 ex
1139 3511 1386 3561 prospero

318 3574 506 3626 similis
547 3573 897 3624 accusationis
952 3580 1160 3637 eventu,
1191 3573 1388 3637 colligit

318 3650 376 3702 id
406 3653 583 3717 operis
603 3667 719 3703 esse
737 3652 1073 3702 tentandum:
1095 3651 1388 3703 convictam

318 3728 681 3793 Messalinam,
702 3736 757 3779 et
781 3728 978 3788 Silium,
1017 3744 1170 3793 pares
1200 3729 1390 3779 iterum

324 3806 604 3856 accusandi
645 3821 851 3855 caussas
889 3806 1040 3856 esse!
1123 3806 1390 3857 Postulavi

323 3880 665 3933 Messalinam
707 3881 925 3949 (inquit)
959 3883 1258 3933 insidiarum
1285 3881 1390 3933 ’ad-

321 3976 507 4013 versus
530 3962 789 4022 maritum,
806 3968 862 4011 et
879 3976 1016 4010 ream
1040 3961 1253 4027 peregi:
1290 3975 1394 4026 qua

327 4040 398 4093 de
414 4056 473 4090 re
492 4038 838 4102 confidenter,
856 4048 912 4088 et
924 4040 1064 4103 jure,
1080 4040 1171 4089 hos
1188 4038 1394 4088 deferre

327 4104 501 4169 debeo
525 4124 580 4166 et
613 4128 863 4181 possum‚·
880 4118 986 4182 qui
990 4117 1185 4166 eadem
1209 4114 1398 4165 machi-¹

329 4200 558 4247 uantur·
608 4195 691 4242 ‘si
738 4193 879 4243 Nero
924 4194 1250 4257 imperitaret
1286 4192 1399 4242 Bri·

333 4271 547 4322 tannico
600 4283 897 4320 successore
943 4271 1137 4320 nullum
1179 4268 1400 4333 principi

335 4345 638 4405 meritum!
668 4347 961 4410 praesertim
996 4343 1193 4412 (addit)
1215 4344 1401 4397 timei-e

465 4429 641 4496 Delpli.
661 4433 710 4479 et
739 4428 854 4480 Vur.
879 4428 1010 4480 cun.

1390 4425 1549 4475 Tacit.

2428 186 2460 218 Χ

1420 554 1759 620 penitentiae
1764 554 1999 606 Claudii.
2022 568 2139 606 nam
2161 556 2252 622 qui
2272 554 2380 609 filio
2396 553 2491 623 (⁸5

1420 631 1593 698 Nero)
1631 632 1841 698 praelati
1879 640 2016 697 sunt,
2052 647 2257 700 semper
2280 633 2491 701 timent,

1421 723 1488 760 ne
1505 717 1657 774 pater
1674 713 1979 777 resipiscat
1965 747 1980 772 ,
1999 713 2065 761 ob
2082 712 2240 778 idque
2251 711 2299 761 ei
2316 712 2492 763 solent

1422 802 1539 837 esse
1591 788 1781 854 ingrati
1842 797 1900 841 et
1953 790 2280 840 insidiantur.
2349 789 2486 841 Haec

1424 867 1715 917 Narcissus.
1783 866 2077 932 Agrippina
2102 880 2302 933 quoque
2337 866 2492 932 (licet

1425 944 1529 993 alia
1571 943 1638 994 de
1673 945 2082 1008 caussa-lentum
2113 957 2491 995 venenum-non

1426 1019 1647 1084 delegit)
1685 1035 1889 1083 verens,
1921 1019 1997 1070 ‘si
2038 1021 2238 1070 lentum
2276 1027 2332 1070 et
2356 1018 2492 1071 tabi-

1428 1100 1551 1150 dum
1569 1100 1868 1165 delegisset,
1895 1116 1963 1151 ne
1984 1102 2220 1150 admotus
2234 1098 2499 1164 supremis·

1428 1176 1672 1228 Claudius
1685 1185 1742 1228 et
1762 1178 1884 1229 dolo
1897 1177 2168 1229 intellecto
2184 1177 2251 1249 ad
2265 1188 2495 1227 amorem

1428 1254 1523 1304 filii
1547 1254 1776 1319 rediret,'
1817 1262 1877 1305 ut
1913 1253 2047 1304 infra
2076 1254 2272 1304 scribit.
2304 1253 2493 1305 Salins-

1428 1331 1550 1381 rin.
1590 1331 1785 1382 Omnia
1803 1332 1885 1382 bic
1902 1332 2100 1396 luxata,
2120 1331 2362 1393 distorta,
2380 1343 2499 1381 cor-

1431 1414 1622 1473 rupta:
1673 1414 1996 1478 quapropter
2030 1421 2183 1457 nemo
2217 1406 2338 1456 mihi
2362 1405 2500 1455 -vitio

1433 1489 1624 1548 vertet,
1661 1484 1705 1533 si
1746 1490 1808 1534 ut
1848 1484 1902 1533 in
1957 1496 2175 1546 corpore
2219 1487 2276 1531 et
2315 1481 2497 1533 morbo

1434 1561 1713 1625 desperato
1729 1576 1875 1611 uram
1889 1566 1946 1612 et
1966 1574 2153 1610 secem.
2216 1559 2303 1609 Sic
2324 1564 2498 1609 autem

1435 1638 1534 1689 sibi
1577 1644 1784 1689 constet
1811 1639 1998 1702 oratio,
2034 1638 2079 1686 si
2101 1637 2283 1700 legas:
2321 1640 2503 1686 certans

1435 1713 1530 1765 sibi
1564 1715 1834 1780 perniciem,
1878 1731 1962 1766 sc·
1993 1714 2309 1765 Britannicus
2342 1726 2504 1765 rernm

1434 1808 1518 1843 seu
1540 1794 1671 1843 Nero
1706 1793 1958 1857 potiretur.
2022 1792 2229 1856 Nempe
2260 1790 2327 1840 ob
2359 1789 2505 1839 dam·

1437 1877 1611 1922 natam
1634 1870 1770 1920 illius
1792 1875 2032 1930 matrem,
2054 1869 2202 1933 hujus
2227 1867 2508 1931 inimicam,

1439 1953 1495 1997 et
1512 1946 1650 1997 forte
1670 1946 2027 1996 damnandam.
2060 1945 2350 2011 Postquam
2364 1944 2504 1994 enim

1439 2023 1749 2087 addidisset,
1768 2023 1841 2077 ita
1859 2025 1919 2073 de
1937 2037 1989 2073 se
2004 2023 2224 2083 meritum
2249 2023 2506 2082 Casei-ein,

1437 2104 1520 2165 &0-
1575 2099 1781 2163 adjicit,
1838 2101 1992 2151 Pares
2035 2099 2208 2149 ita-um
2256 2096 2507 2148 amsancti

1439 2191 1625 2227 caunos
1645 2190 1741 2227 esse
1762 2192 1779 2226 .-
1827 2190 2063 2243 quaenam
2106 2175 2211 2225 illas
2235 2176 2255 2223 ἓ
2297 2187 2511 2225 noverca
2570 2190 2577 2199 ·

1440 2253 1635 2304 insidiis
1662 2256 1849 2305 domuin
1870 2267 2050 2303 omnem
2072 2250 2285 2314 convelli,
2319 2252 2402 2313 ξι.
2435 2249 2513 2300 ita

1443 2332 1584 2382 enim
1602 2332 1928 2397 conjungam,
1941 2331 2145 2383 abolitis
2167 2326 2514 2392 intermediis,

1445 2425 1562 2475 quae
1603 2410 1649 2459 si
1685 2409 1977 2473 interroges
2000 2422 2094 2458 cur
2114 2404 2371 2456 abolenda
2392 2403 2516 2469 sint,

1447 2500 1673 2552 qnoeram
1697 2491 1753 2536 et
1771 2500 1870 2551 ego
1889 2500 1983 2537 cur
2003 2491 2096 2535 aut
2118 2481 2373 2549 quomodo
2392 2478 2517 2532 reti:-

1445 2562 1653 2615 nenda?
1702 2563 2067 2614 Freimhemius.
2133 2558 2514 2625 Explicandum
2539 2570 2547 2580 ’

1446 2642 1622 2707 potius
1645 2656 1799 2709 quam
1834 2641 2138 2693 mutandum
2168 2638 2305 2689 bunc
2342 2639 2531 2688 locum,

1449 2719 1692 2770 existimo
1715 2736 1729 2769 ι
1783 2725 1840 2769 et
1878 2717 1936 2768 id
1989 2716 2300 2768 tentavimus
2350 2729 2391 2766 ι.
2432 2718 2518 2766 22.

1451 2796 1907 2849 Observationum.
1972 2795 2255 2845 Gronovius.

1518 2875 1719 2925 Nullam
1729 2873 1943 2939 principi
1962 2872 2203 2934 meritant,
2233 2886 2290 2921 ac
2309 2883 2523 2920 noverca

1451 2951 1646 3007 insidiis
1664 2953 1851 3001 domuin
1871 2966 2053 3001 omnent
2065 2949 2278 3013 conuelli,
2295 2947 2409 3011 &ml
2435 2946 2525 2998 Sic

1454 3028 1820 3093 distinguenda
1847 3027 2008 3079 fuisse
2047 3028 2123 3078 ait
2151 3026 2394 3091 Lipsius:
2442 3031 2523 3075 ta·

1454 3121 1574 3156 men
1595 3106 1872 3156 etiamnum
1892 3104 2065 3154 mendi
2080 3107 2340 3168 suspecta.
2363 3103 2525 3154 Vere.

1458 3184 1599 3237 Quid
1624 3183 1761 3233 enim
1783 3188 1967 3232 sonant
1986 3181 2093 3244 illa,
2132 3180 2147 3209 ‘
2167 3179 2361 3229 nullum
2384 3177 2525 3243 prin-

1458 3261 1564 3324 cipi
1606 3260 1847 3310 meritum
1862 3258 1896 3307 ?'
1965 3257 2151 3308 Audeo
2193 3270 2344 3321 paene
2388 3253 2526 3304 affir-

1458 3352 1621 3401 mare,
1644 3352 1767 3387 vere
1803 3352 1833 3386 a
1870 3350 1953 3389 me
1978 3333 2326 3394 emendatum,
2346 3333 2529 3381 nauum

1460 3429 1487 3463 e
1501 3414 1717 3478 principe
1738 3418 1913 3463 metum
1931 3429 1949 3462 .-
1994 3407 2525 3462 accommodatissime

1460 3488 1701 3554 profecto
1747 3487 1814 3539 ad
1859 3501 2059 3538 sensnm
2085 3503 2097 3535 ι
2140 3483 2527 3549 elegantissime

1460 3567 1590 3618 item
1609 3568 1674 3617 ad
1699 3565 2001 3629 dictionem,
2025 3580 2138 3630 quae
2162 3563 2308 3627 hujus
2326 3560 2531 3626 generis

1463 3660 1608 3709 saepe
1644 3644 1828 3694 Tacito
1885 3650 2150 3708 usurpata,
2193 3647 2249 3690 et
2282 3636 2536 3705 exemplis

1461 3722 1739 3787 aliquantis
1774 3719 1977 3770 firmata
2000 3719 2172 3784 Lipsio
2196 3717 2262 3768 ad
2284 3717 2472 3766 Annal.
2489 3729 2533 3764 1.

1466 3800 1570 3851 Sed
1594 3806 1651 3850 et
1683 3799 1869 3849 dehinc
1907 3798 2076 3848 scribe
2102 3815 2116 3847 ι
2156 3798 2335 3846 nullum
2357 3813 2383 3845 e
2402 3797 2537 3859 prinn

1463 3879 1568 3943 cipe
1588 3883 1797 3927 metum.
1787 3894 1800 3906 ·
1823 3881 1876 3925 nt
1896 3890 2107 3925 novercce
2127 3873 2315 3923 insidiis
2332 3874 2538 3935 domans,

1464 3956 1548 4017 ὅτ.
1617 3953 1770 4004 Quod
1804 3950 2012 4002 fatebor
2035 3951 2191 4001 etiam
2216 3950 2536 3999 Muretono-
2536 3960 2541 3965 ·

1470 4038 1679 4096 tatum,
1697 4039 1756 4082 ut
1793 4037 1871 4081 at
1885 4036 2191 4080 mutaretur.
2259 4029 2358 4077 Sed
2386 4028 2438 4076 id
2450 4034 2543 4077 ⁴·so'

1470 4112 1598 4174 lum,
1616 4116 1673 4158 et
1691 4109 1839 4174 cujus
1864 4109 1972 4157 sola
2005 4120 2104 4170 ope
2128 4108 2273 4156 locus
2294 4119 2398 4157 non
2419 4118 2540 4155 con-

1471 4189 1727 4240 stituitur.
1781 4185 2044 4238 Acidalia.
2520 4192 2531 4203 ·

1539 4264 1614 4316 Ac
1658 4278 1868 4313 noverca
1908 4261 2098 4311 insidiis
2136 4262 2325 4310 domum
2359 4270 2541 4309 omnus

1473 4342 1695 4407 convelli]
1748 4342 1908 4392 Totus
1935 4337 2020 4391 hic
2040 4340 2206 4405 locus,
2225 4337 2385 4387 etiam
2399 4333 2541 4401 apud

2266 4418 2328 4468 u
2360 4417 2414 4468 Y
