3009 4942
520 390 698 464 4260

522 558 721 623 Antea,
742 556 1106 633 inSenutorm.
1141 554 1290 610 Pich.

533 646 538 657 ‘
589 636 1057 702 Muciamvolenaeia]
1124 635 1585 688 Italibri.Sallus-·

522 715 720 766 tiauum
764 714 998 764 videtur:
1050 714 1065 741 ‘
1087 714 1365 779 Pompeius
1408 715 1586 764 multis

522 793 901 858 suspicionibus
924 791 1152 842 volentia
1173 791 1316 856 plebi
1348 790 1607 845 facturus.

517 865 846 922 habebatur.
880 872 1076 921 Beatus
1099 875 1273 920 tamen
1289 870 1464 920 volenti
1480 883 1587 919 ma-

524 949 640 1000 luit.
672 948 810 1013 Lips-

589 1026 817 1076 Maeiano
831 1022 1035 1074 volentia
1055 1024 1353 1090 rescripsere]
1417 1025 1589 1076 Casti·

522 1103 775 1168 gavimns,
806 1103 1030 1152 Muciano
1045 1104 1217 1153 volenti
1232 1104 1478 1168 scripsere,
1493 1104 1590 1155 hoc

526 1187 628 1243 est,
648 1186 800 1246 grata
822 1182 1155 1249 rescripsere.
1221 1183 1446 1231 Redolet
1460 1182 1589 1231 Hel·

525 1258 794 1308 lenismum
814 1259 926 1308 haec
941 1259 1152 1309 locutio.
1206 1260 1326 1310 Non
1352 1272 1589 1323 prorsum

528 1335 770 1385 absimilis
792 1336 912 1399 illis,
943 1336 1107 1387 ‘Haec
1132 1342 1290 1402 atque
1325 1337 1449 1386 talia
1481 1337 1589 1400 ple·

521 1414 574 1464 bi
611 1412 824 1464 violenti
859 1411 1045 1464 fuere!
1109 1414 1246 1464 Item
1278 1414 1295 1443 ‘
1322 1427 1591 1464 remanere

523 1491 655 1540 etin
685 1491 847 1541 verba
865 1490 1170 1556 Vespasiani
1202 1492 1343 1558 adigi
1375 1490 1590 1543 volenti·

524 1565 655 1617 bus!
719 1568 785 1618 In
809 1567 917 1618 vita
932 1566 1111 1632 Agric.
1143 1569 1159 1595 ‘
1178 1570 1251 1620 Ut
1274 1569 1458 1634 quibus
1477 1569 1588 1619 bel·

522 1646 629 1694 lum
653 1643 946 1705 volentibus
968 1646 1119 1695 erat!
1182 1647 1316 1695 Sane
1338 1653 1587 1711 quantum

523 1722 593 1777 ad
613 1722 840 1772 dativum
859 1723 1035 1772 volenti
1057 1724 1248 1773 attinet
1269 1723 1407 1788 qnod
1443 1723 1590 1774 Grae-

525 1798 602 1850 cis
626 1806 709 1849 est
741 1797 1014 1862 βουλομένῳ
1047 1800 1370 1850 meminimus
1409 1812 1588 1867 supra.

525 1876 801 1927 Ramnes.
867 1879 949 1928 Ex
971 1879 1111 1928 Flor.
1145 1879 1353 1929 volenfia
1388 1880 1589 1944 rescrip-

525 1970 644 2006 sere.
707 1956 896 2022 Vulgo,
931 1957 1172 2022 scripsere.
1217 1958 1467 2007 Piehena.
1532 1958 1590 2008 Si

526 2032 768 2083 standum
791 2033 915 2084 fidei
957 2033 1085 2084 edit.
1129 2036 1280 2085 Rom.
1312 2036 1589 2086 restituen-

528 2109 651 2161 dum
689 2111 909 2176 scribere,
945 2111 1081 2177 quod
1124 2111 1242 2162 heic
1288 2112 1454 2163 altero
1498 2111 1589 2163 ali-

527 2193 777 2253 quantum
799 2187 1022 2238 suavius.
1060 2188 1299 2252 Gruterus

592 2262 835 2329 Factaque
857 2265 978 2329 ejus]
1036 2265 1101 2327 In
1123 2265 1410 2330 exemplari
1445 2265 1590 2332 regio

527 2346 628 2404 est,
646 2340 886 2401 adfecta
902 2342 1015 2402 eius.
1052 2341 1287 2393 Rhenan.

469 2410 472 2415 ’
533 2430 543 2438 ·
592 2419 732 2469 ΟΑΡ.
772 2423 854 2469 53.
904 2419 1193 2469 Coaluissent
1225 2420 1438 2485 pericula
1476 2422 1589 2488 sua]

529 2497 635 2547 vix
656 2502 738 2547 est
759 2504 819 2547 ut
841 2496 956 2562 ipsa
979 2512 1061 2547 res
1085 2497 1218 2548 hanc
1250 2499 1589 2562 scriptionem

527 2576 736 2626 toleret.
801 2575 919 2625 Nec
962 2574 1098 2624 enim
1136 2575 1318 2639 opinor
1355 2575 1590 2625 timuisse

524 2654 812 2705 Antonium
834 2669 864 2703 a
886 2653 1115 2705 Muciani
1130 2654 1591 2716 criminationibus,

528 2746 698 2798 neque
718 2731 878 2782 etiam
897 2731 996 2783 hoc
1017 2733 1070 2781 in
1089 2732 1275 2782 litteris
1299 2732 1366 2783 ad
1387 2734 1588 2797 Vespa-

528 2809 726 2860 sianum
749 2806 1003 2874 queritur,
1019 2809 1114 2859 sed
1133 2816 1336 2860 tantum
1354 2809 1590 2874 praemia,

528 2898 645 2952 qum
680 2892 960 2947 meruerat,
981 2885 1259 2949 intercipi:
1294 2885 1397 2935 hnc
1429 2887 1587 2936 etiam

526 2960 681 3011 modo
705 2961 871 3010 dixit:
908 2961 1153 3010 ‘consilia
1194 2961 1304 3026 ejus
1341 2960 1586 3027 factaque

524 3048 628 3086 non
669 3037 884 3100 perinde
927 3036 1219 3087 aestimari?
1264 3046 1589 3103 quapropter

527 3114 804 3179 legendum
827 3128 1085 3178 censeam,
1115 3114 1385 3165 eviluissent
1401 3118 1587 3180 pericu-

527 3191 576 3241 la
605 3204 711 3242 sua.
774 3192 1017 3243 Pericula
1059 3208 1153 3257 pro
1189 3193 1342 3243 rebus
1375 3193 1593 3246 fortiter

526 3269 708 3334 gestis,
741 3275 801 3321 ut
851 3286 992 3333 mox,
1032 3271 1049 3300 ⁴
1076 3273 1291 3335 proemia
1335 3273 1590 3337 periculc·

526 3347 684 3398 rumx’
717 3355 774 3399 et
794 3363 949 3413 supra
983 3362 1051 3399 ιι.
1086 3352 1168 3399 40.
1201 3347 1389 3399 ‘fidem
1431 3357 1589 3417 atque

529 3420 767 3488 pericula
809 3426 1193 3491 polliceantur!
1281 3428 1360 3477 Ea
1414 3434 1590 3478 autem

526 3516 665 3552 nunc
688 3518 792 3552 non
815 3511 876 3552 ut
897 3504 1159 3554 debebant
1197 3504 1463 3570 aestimari,
1494 3505 1590 3555 sed

525 3579 806 3628 evilescere
827 3581 1076 3645 queritur.
1111 3581 1329 3631 Freinsh.

590 3656 872 3706 Immodicas
890 3656 1057 3718 ling-ua
1073 3661 1120 3707 et
1134 3657 1340 3722 obsequii
1360 3659 1590 3725 insolens]

528 3733 721 3800 Vulgo,
742 3734 922 3799 linguis
933 3750 953 3793 ,-
986 3741 1042 3784 et
1063 3741 1339 3801 utrumque
1355 3752 1386 3786 a
1400 3738 1591 3789 Tacito

530 3817 847 3877 usurpatur:
883 3813 1095 3877 praetuli
1117 3820 1290 3863 tamen
1324 3813 1461 3866 Flor.
1484 3817 1591 3866 lec-

531 3886 751 3953 tionem,
781 3904 935 3955 quam
973 3894 1030 3939 et
1066 3888 1300 3939 Venetus
1338 3892 1593 3954 agnoscit·

525 3965 753 4015 ΡίοΙιεπα.

533 4054 540 4060 ·
592 4043 728 4093 Csr.
752 4047 834 4095 54.
873 4045 945 4095 Ut
975 4047 1039 4095 ad
1075 4046 1198 4096 eires
1227 4046 1432 4097 hostium
1464 4060 1592 4111 spee-

523 4119 721 4184 tanda]
786 4120 1112 4172 Particulam
1133 4129 1188 4172 ut
1209 4124 1587 4188 expunximus:

530 4205 651 4244 nam
674 4194 1098 4262 subintelligitur.
1125 4200 1397 4252 Mnus.
1411 4201 1592 4265 ·111ud,

528 4275 604 4331 ut,
627 4270 859 4321 additum
899 4288 965 4323 ex
996 4274 1138 4324 Flor.
1173 4276 1403 4327 Heium.
1467 4278 1589 4327 Mn-

1225 410 1444 466 NOTAE
1489 412 1783 466 vamme
1795 416 1838 467 U
1850 416 1898 466 M
1943 406 2033 466 {N

1726 558 1850 619 Qoeoe
1870 559 2094 627 afferret]
2161 562 2294 627 Nos,
2332 558 2554 626 referret.
2593 552 2725 617 Rhe·

1658 653 1838 689 nanus.
1907 640 2102 692 Muret.
2125 641 2353 702 adferret.
2421 642 2614 709 Neque
2629 645 2724 695 boc

1658 722 1807 780 opus.
1839 716 2029 766 Acidul.

1727 794 1910 856 Magno
1931 796 2204 845 documento
2224 794 2359 863 opus]
2421 794 2727 848 Aesimum

1658 870 1874 921 verbum
1897 878 1984 923 est.
2016 872 2251 923 Rhenau.
2768 903 2776 911 ·

1730 947 1870 998 ΟΑΡ.
1909 954 1992 999 55.
2058 948 2232 999 Secuta
2276 966 2303 1001 e
2346 950 2561 999 classicis
2584 949 2727 1016 legis]

1662 1024 1832 1090 Supra
1848 1026 1980 1076 dixit
2005 1043 2054 1077 c.
2079 1032 2159 1077 60.
2186 1030 2202 1056 ‘
2222 1043 2252 1077 e
2275 1028 2509 1077 classicis
2526 1028 2727 1077 Raven-

1663 1103 1872 1154 natlbus
1895 1105 2224 1169 legionariam
2249 1107 2488 1156 militiam
2511 1118 2741 1172 posces·-

1664 1181 1804 1230 tibns
1840 1182 2065 1245 optimus
2089 1182 2304 1248 quisque
2328 1183 2555 1233 adsciti!

1665 1270 1695 1307 e
1732 1258 1964 1308 classicis
2004 1260 2262 1324 legionem
2286 1261 2497 1322 scribit,
2534 1259 2727 1310 utrobi·

1665 1349 1767 1400 que
1787 1350 1853 1384 au
1874 1335 1941 1385 de
1960 1336 2214 1387 militibus
2229 1338 2431 1399 classis,
2467 1337 2621 1386 an'sle
2640 1350 2728 1386 na·

1666 1411 1866 1462 valibus
1885 1412 2134 1463 ministris
2152 1428 2240 1463 seu
2263 1415 2543 1479 remigibus
2572 1415 2653 1464 sit·
2658 1415 2728 1463 in·

1662 1489 2023 1579 telligendum,
2043 1491 2408 1557 indagandum.
2476 1492 2594 1543 Hos
2617 1486 2730 1542 ciss-

1661 1567 1834 1616 siai-ios
1853 1567 2058 1617 vocavit
2071 1567 2285 1619 Sueton.
2310 1568 2365 1618 in
2387 1568 2727 1620 Galb.12.in

1661 1644 1777 1694 Tib.
1800 1649 1885 1694 62.
1903 1644 1953 1693 in
1979 1644 2106 1696 oth.
2129 1649 2179 1694 8.
2197 1651 2255 1695 et
2279 1646 2500 1710 vespas.
2522 1650 2574 1696 8.
2610 1646 2725 1696 Hir-

1664 1721 1773 1772 cius
1795 1722 1887 1772 lib.
1922 1736 2006 1772 ιιι.
2044 1723 2163 1773 bell.
2198 1722 2301 1774 civ.
2336 1722 2531 1789 ‘Aqua
2558 1717 2725 1787 prohi-

1662 1799 1790 1849 bere
1813 1798 2099 1849 classiarios
2119 1799 2380 1850 instituit?
2444 1800 2547 1850 His
2580 1801 2654 1851 sic
2673 1814 2726 1850 se

1662 1875 1995 1938 habentibus,
2028 1877 2070 1926 si
2088 1877 2290 1940 demus,
2310 1878 2527 1928 classicos
2547 1878 2727 1928 Tacito
2774 1914 2778 1923 .

1665 1953 1875 2003 eosdem
1918 1967 2051 2017 esse,
2085 1966 2211 2018 quos
2249 1956 2727 2007 classiarios-Sueto·

1663 2032 1781 2081 nius
1804 2037 1861 2081 et
1890 2031 2107 2083 Hir-cias
2127 2034 2481 2097 appellavere,
2522 2039 2727 2084 constat

1662 2114 1868 2169 nautas,
1896 2107 2137 2173 remiges,
2159 2117 2217 2158 et
2236 2109 2446 2159 navium
2465 2108 2728 2160 ministros

1663 2199 2001 2250 quoscunque
2060 2186 2112 2234 in
2155 2187 2407 2251 legionem
2452 2187 2728 2236 militarem

1664 2262 1925 2316 redactos.
1989 2265 2048 2315 Si
2076 2279 2202 2314 vero
2240 2279 2273 2313 a
2310 2264 2517 2327 largiori
2539 2261 2724 2327 sigulfi-

1665 2340 1871 2391 catione
1891 2342 2108 2392 classicos
2130 2341 2488 2406 acceperimus
2527 2355 2635 2406 pro
2652 2340 2726 2391 his

1665 2418 1919 2485 omnibns,
1940 2418 2029 2484 qui
2046 2418 2200 2469 classi
2225 2418 2536 2480 inserviunt,
2572 2416 2723 2467 dnbio

1665 2497 1851 2560 procul
1873 2503 1927 2546 et
1949 2497 2145 2547 milites
2163 2494 2594 2559 classi-assignati
2634 2495 2723 2545 sub

1665 2574 1847 2624 eadem
1872 2589 1999 2625 voce
2022 2573 2445 2624 continebuntur:
2508 2573 2644 2623 Nam
2670 2579 2723 2623 et

1667 2652 1805 2714 apud
1827 2652 1928 2704 JC.
1962 2653 1978 2681 ⁴
2008 2653 2059 2701 in
2082 2652 2119 2700 l.
2142 2651 2296 2701 unica
2333 2651 2394 2701 C.
2415 2649 2484 2700 de
2520 2650 2723 2702 classica

1666 2729 1757 2779 lib.
1779 2743 1847 2779 ιι.
1882 2736 1940 2780 et
1974 2730 2034 2780 C.
2072 2728 2266 2779 Tbeod,
2286 2728 2474 2778 eodem
2496 2728 2533 2777 l.
2558 2729 2721 2778 unica.

1666 2807 1871 2857 classici
1894 2806 2104 2857 milites’
2151 2811 2271 2856 sunt
2314 2804 2555 2868 deputati
2591 2803 2725 2854 navi-

1667 2883 1781 2933 bus.
1851 2885 2095 2936 Quinimo
2134 2888 2190 2933 et
2211 2883 2478 2932 classiarios
2501 2882 2723 2946 quando·

1665 2974 1766 3025 que
1811 2967 2136 3025 nuncupatos
2193 2958 2535 3010 observamus
2588 2956 2722 3022 apud

1665 3038 1929 3101 Lamprid.
1967 3038 2021 3086 in
2057 3037 2256 3087 Comm.
2282 3041 2362 3084 16.
2429 3036 2592 3086 Man-e·
2629 3036 2724 3085 Do·

1664 3121 1819 3164 natus.
1853 3116 2052 3165 Mutet.
2077 3118 2248 3163 secittoe
2266 3112 2476 3161 classice
2508 3111 2725 3175 legione&

1667 3191 1876 3255 Nescio,
1898 3206 1965 3241 an
1987 3205 2019 3240 e
2040 3190 2185 3241 libris
2224 3194 2281 3240 et
2314 3187 2571 3238 Historias
2605 3187 2722 3237 fide.

1663 3269 1854 3321 Acidal.

1730 3348 1794 3397 In
1825 3348 1997 3397 mustos
2028 3343 2196 3408 annos]
2258 3344 2479 3395 Sueton.
2513 3342 2627 3393 Vit.
2648 3344 2723 3393 lh

1667 3427 1683 3455 ⁴
1701 3424 1941 3475 Comitia
1964 3424 2016 3474 in
2049 3424 2231 3474 decem
2254 3436 2412 3471 annos
2451 3421 2724 3483 ordinavit,

1665 3516 1824 3568 seque
1861 3508 2174 3568 perpetuum
2212 3497 2525 3552 Consulem?
2576 3497 2725 3548 Sanit-

1662 3582 1772 3632 iius.

1733 3657 1931 3707 Tribanta
1942 3656 2208 3719 dimittere]
2251 3654 2366 3705 Viri
2386 3652 2571 3704 eximii
2585 3667 2726 3719 repo-

1667 3734 1824 3785 situm
1848 3742 1993 3799 eunt,
2023 3735 2284 3796 remittere,
2320 3738 2377 3783 et
2397 3733 2500 3782 hoc
2519 3731 2723 3797 quidem

1665 3813 1780 3861 vult
1796 3818 2010 3862 auctor·
1997 3848 2011 3873 ,
2054 3811 2145 3861 sed
2169 3812 2304 3860 idem
2328 3815 2508 3858 manet
2522 3815 2727 3859 retento

1666 3891 1850 3954 altero,
1867 3897 1926 3939 ut
1944 3888 2173 3954 pluribus
2184 3888 2386 3939 ostendi
2406 3886 2460 3935 in
2476 3886 2726 3952 Suspicio·

1666 3966 1834 4018 nibus.
1871 3967 2124 4016 Gruterus.

1738 4045 1921 4107 Vulgus
1969 4046 2032 4093 ad
2075 4043 2449 4106 magnitudinem
2489 4040 2725 4109 beneficio·

1663 4138 1769 4174 rum
1803 4124 1994 4188 aderat]
2022 4146 2029 4153 ·
2060 4125 2252 4174 Nescio
2291 4123 2556 4188 quid-sibi
2590 4123 2718 4172 Flor.

1663 4202 1813 4265 velit,
1833 4202 1886 4250 in
1904 4217 2006 4267 quo
2021 4199 2499 4264 corruptelegitur,
2515 4198 2720 4251 haberat.

1662 4278 1912 4329 Pichena.
1933 4302 1938 4307 ·
1978 4277 2519 4344 Videtursignificare
2530 4276 2722 4328 nabat.-

528 4353 691 4413 retus,
702 4350 759 4397 ut
776 4349 840 4399 ad
860 4349 1004 4416 eires,
1020 4353 1101 4416 &c-
1118 4352 1265 4404 Nihil
1277 4364 1426 4422 opus.
1442 4354 1587 4407 Asici.
1658 4368 1780 4407 nam
1794 4355 1894 4409 hoc
1908 4355 2125 4409 verbum
2145 4354 2267 4406 alibi
2285 4368 2496 4422 quoque
2514 4353 2594 4406 sic
2614 4363 2727 4415 οοιί·

464 4758 646 4856 h..

2623 1182 2733 1233 Hie
2838 1240 2843 1245 .
