3009 4942
835 434 983 484 mn.
1033 420 1134 485 iv,
1180 432 1344 483 cae.
1391 416 1502 484 35.
1561 432 2010 485 anulinum.

310 586 459 629 scura
486 591 658 628 sensu.
723 578 890 628 Erant
913 578 1000 643 qui
1020 577 1095 628 sic
1130 578 1383 641 iuterpre-

309 655 589 706 tabantur:
643 655 699 705 Si
722 656 914 705 relatas
938 656 1160 705 virtutes
1188 657 1382 705 Lector

307 733 406 784 sibi
428 747 626 799 suoque
649 734 847 798 captui,
877 732 1192 798 propinquas
1217 746 1279 781 ac
1304 730 1381 781 fa-

306 810 531 861 miliares
579 824 682 860 non
728 817 999 873 agnoscat,
1047 808 1222 859 statim
1265 809 1381 858 illas

305 889 477 941 animo
519 894 573 939 et
609 889 926 954 cogitatione
961 894 1166 953 arguet,
1198 887 1378 938 falsas-

307 978 408 1033 que
433 966 669 1030 putabit:
722 972 780 1015 et
795 974 938 1016 esset
960 967 1077 1016 huic
1100 965 1377 1016 sententiae

306 1043 491 1105 simile,
510 1043 648 1107 quod
667 1058 732 1092 ex
749 1043 984 1093 oratione
1003 1043 1221 1094 Periclis
1240 1042 1375 1107 apud

305 1122 539 1187 Thucyd.
574 1123 607 1170 l.
631 1135 714 1172 Χῖ.
737 1123 921 1172 sumsit
942 1123 1153 1176 Sallust.
1172 1124 1222 1172 iu
1261 1136 1379 1188 pro-

306 1199 459 1248 oemio
506 1199 663 1249 Catil.
717 1200 796 1249 his
852 1200 1060 1249 verbis:
1120 1201 1135 1229 ‘
1164 1201 1267 1250 Ubi
1312 1200 1379 1250 de

308 1288 494 1339 magna
515 1276 713 1326 virtute
739 1284 896 1341 atque
937 1276 1101 1340 gloria
1123 1276 1373 1326 bonorum

308 1366 585 1414 memores,
625 1368 742 1418 quae
786 1353 885 1403 sibi
941 1354 1158 1420 quisque
1205 1352 1380 1404 facilia

308 1428 449 1479 factu
476 1437 646 1495 putat,
669 1446 819 1496 aequo
840 1432 1009 1480 animo
1032 1431 1258 1495 accipit:
1295 1445 1377 1480 su-

311 1520 401 1570 pra
426 1521 506 1565 ea,
538 1508 697 1557 veluti
720 1507 862 1574 ficta,
899 1524 991 1573 pro
1028 1507 1172 1558 falsis
1195 1508 1379 1559 (lucit)

311 1581 415 1632 Alii
459 1584 572 1633 sic:
629 1584 813 1634 Gloria
852 1600 1059 1651 quoque
1103 1600 1165 1634 ac
1214 1585 1377 1634 virtus

311 1658 503 1710 odiosae
540 1667 678 1725 sunt,
715 1661 847 1711 sicut
890 1662 1050 1712 etiam
1089 1661 1283 1711 animus
1316 1675 1377 1711 ac

310 1751 451 1785 mens
477 1738 762 1803 scriptoris,
793 1738 881 1804 qui
905 1754 970 1789 ex
995 1740 1281 1804 propinquo
1304 1753 1380 1788 ar·

310 1827 466 1876 gnere
498 1828 560 1864 ac
587 1815 879 1879 vituperare
901 1816 1102 1865 diversa
1124 1816 1379 1871 videatur.

310 1889 384 1941 At
404 1892 619 1955 vulgata
651 1892 741 1942 illa
775 1894 936 1943 lectio
960 1908 1060 1942 non
1085 1899 1199 1943 erat
1225 1897 1378 1957 Juxta

312 1969 747 2033 manuscriptum,
771 1971 858 2035 qni
892 1971 1068 2035 habet,
1098 1976 1153 2021 ut
1188 1972 1378 2023 animis.

310 2045 462 2096 Unde
517 2046 743 2097 Illustris
792 2049 891 2097 Vir
934 2049 1099 2098 Ursus
1143 2048 1375 2099 Ilciensis

310 2123 514 2186 Comes»,
551 2124 690 2174 inter
722 2125 1003 2174 Senensem
1050 2125 1375 2176 nobilitatem

307 2199 705 2263 eruditissimus,
734 2201 819 2265 qui
843 2202 1030 2250 multas
1065 2200 1262 2251 Mureti
1285 2215 1375 2250 no-

306 2280 385 2323 tas
411 2273 479 2322 ad
500 2275 744 2326 Tacitum
781 2292 983 2328 mecum
1016 2278 1375 2328 humanissime

305 2352 724 2417 communicavit,
741 2369 824 2404 me
846 2356 1063 2418 monuit,
1090 2355 1227 2420 apud
1250 2371 1375 2406 enn-

306 2428 423 2480 dem
469 2432 737 2481 Mun-etum
781 2434 902 2497 legi,
944 2437 998 2482 ut
1036 2433 1195 2496 nimis,
1236 2432 1373 2498 quod

303 2509 435 2559 adeo
462 2525 642 2560 verum
673 2513 867 2573 censui,
902 2518 961 2560 ut
998 2512 1234 2575 recipere
1271 2525 1374 2559 non

304 2587 668 2638 dubitaverim.
754 2589 943 2637 Sensus
969 2596 1083 2637 est:
1120 2588 1374 2647 Gloriam,

301 2680 363 2715 ac
379 2666 631 2714 virtutem
652 2663 770 2714 odio
787 2664 987 2726 baberi,
1008 2672 1065 2714 ut
1084 2679 1198 2729 quae
1217 2665 1372 2713 nimis

301 2757 368 2792 ex
393 2743 705 2807 propinquo,
726 2741 778 2791 id
801 2747 884 2790 est
919 2741 1068 2789 nimis
1105 2755 1288 2804 prope,
1311 2754 1373 2797 ac

304 2819 451 2884 quasi
489 2833 685 2881 coram,
704 2826 758 2867 et
792 2818 886 2868 sub
908 2818 1070 2867 oculis
1092 2818 1373 2880 hominnm,

300 2895 507 2946 diversa
532 2896 847 2960 vituperare,
868 2911 959 2944 seu
994 2895 1210 2945 aliorum
1242 2895 1372 2944 vitia

302 2972 624 3037 exprobrare
646 2971 934 3022 videantur.
1014 2973 1084 3022 Et
1106 2972 1243 3037 quod
1263 2973 1382 3036 bic,

299 3066 361 3103 ex
409 3051 695 3115 propinquo,
752 3051 875 3100 alibi
919 3050 1135 3101 Tacitus
1189 3049 1369 3099 eodem

299 3145 455 3180 sensu
498 3142 777 3193 usurpasse
816 3127 1042 3190 videtur,
1091 3142 1117 3176 e
1154 3127 1371 3192 proximo

302 3207 447 3257 Hist.
486 3206 581 3255 lib.
612 3208 726 3255 11.·‘
752 3206 822 3255 Et
857 3205 1067 3255 Triariae
1106 3205 1369 3255 licentiam

300 3284 591 3333 modestum
617 3298 645 3332 e
677 3283 910 3347 proximo
932 3284 1226 3345 exemplum
1250 3298 1371 3333 one·

303 3360 461 3410 rabat
514 3360 727 3410 Galeria
797 3359 1132 3424 Imperatoris
1200 3359 1370 3411 uxor!

302 3437 458 3491 Quod
484 3437 620 3487 idem
640 3437 876 3487 Ilciensis
898 3437 1215 3488 observavit.
1281 3438 1370 3488 Pa·-

301 3515 502 3641 Chegii’.
543 3593 624 3640 34.
686 3592 743 3640 C.
791 3593 1010 3641 Cassium
1054 3592 1372 3643 Romanorum

298 3666 554 3730 ultimum]
565 3666 652 3715 Sie
677 3667 895 3717 Romani
910 3668 1370 3734 Philopoemenem,
1383 3694 1390 3703 ·

300 3746 520 3797 altimum
580 3744 853 3794 Graecorum
906 3751 1177 3795 vocarunt.
1246 3745 1370 3795 Plu-

301 3823 462 3872 tarch.
490 3822 542 3870 in
563 3821 671 3885 ejus
690 3822 798 3870 vita
818 3829 871 3871 et
892 3822 946 3869 in
965 3820 1151 3872 Arato.
1186 3822 1369 3871 Mur-et.

364 3898 649 3961 Scipionem,
673 3895 950 3960 Afranium]
986 3898 1203 3964 Duplex
1225 3913 1371 3949 error

301 3982 384 4024 est
409 3973 589 4037 Angli,
627 3974 797 4037 gravis
836 3982 1078 4040 uterque,
1115 3975 1254 4042 quod
1276 3976 1369 4028 hos

300 4051 429 4101 duos
466 4065 560 4115 pro
599 4065 700 4100 uno
728 4051 907 4112 habet,
944 4068 1164 4119 eumque
1200 4055 1368 4104 virum

301 4142 396 4192 pro
438 4127 707 4187 historico,
752 4129 839 4192 qui
883 4131 1057 4179 -Cassii
1111 4138 1165 4181 et
1215 4131 1368 4181 Bruti

301 4205 614 4254 mentionem
639 4203 866 4254 fecisset.
932 4205 1033 4254 Sed
1059 4208 1256 4257 auctori
1278 4207 1367 4259 ad-

300 4281 491 4352 huc-de
510 4280 712 4331 Livio!
778 4280 1066 4333 Freinshem.

364 4359 601 4409 Lame·
616 4363 665 4411 et
678 4357 970 4424 parricidas]
995 4378 1002 4383 ’
1024 4357 1054 4388 ⁴¹
1078 4358 1259 4411 dixere
1280 4373 1369 4411 ne·

1415 848 1426 860 .
1454 810 1664 875 quidem
1692 812 1804 861 tali.

1456 576 1534 627 fas
1549 575 1584 626 ?’
1633 577 1739 630 Qui
1773 577 1938 644 po‘eta
1973 576 2168 647 ubique
2208 582 2315 629 tam
2352 564 2547 640 liberi,'.

1458 658 1560 708 imo
1584 658 1789 709 licentis
1825 656 1951 722 stili,
1972 659 2025 709 in
2046 658 2322 723 Principes
2345 664 2448 722 est,
2466 664 2527 708 ut

1455 735 1613 783 mirer
1649 749 1713 784 ea
1755 734 1957 798 scripta
1994 734 2090 784 sub
2145 733 2415 798 Principe,
2471 740 2535 784 et

1870 811 2081 875 Lipsius.

1522 888 1592 937 Et
1625 892 1821 953 uterque
1841 889 2091 953 opibusque
2121 893 2260 952 atque
2279 886 2535 940 honor-ilud

1446 965 1749 1029 perviguere]
1776 967 1909 1016 Dele
1931 965 1990 1015 τὸ
2011 981 2096 1030 que
2112 979 2396 1029 appensum
2414 965 2530 1016 voci

1452 1042 1644 1106 opibus.-
1696 1057 1765 1092 ne
1789 1048 1894 1092 tam
1934 1041 2244 1106 confragosa
2258 1042 2426 1091 oratio
2457 1041 2533 1091 sit'

1454 1134 1521 1169 ex
1560 1120 1744 1169 crebra
1785 1119 1938 1171 nimis
1977 1119 2211 1184 ejusdem
2255 1118 2533 1183 particular

1453 1195 1751 1247 iteratione.
1820 1196 2008 1247 Acidal.

1519 1275 1629 1338 Ipse
1654 1275 1724 1324 D.
1743 1273 2018 1337 Augustus]
2052 1273 2320 1324 Plutarch.
2344 1271 2396 1321 in
2414 1272 2528 1323 Cic.

1453 1352 1617 1402 refert
1643 1352 1867 1417 Augusti
1902 1352 2097 1402 dictum
2135 1352 2203 1401 de
2241 1353 2533 1401 Cicerone.

1452 1428 1618 1494 λόγιος
1638 1430 1772 1495 ἀνὴρ,
1794 1428 1832 1478 ὦ
1852 1430 1955 1495 παῖ,
1987 1427 2168 1493 λόγιος,
2202 1425 2283 1478 καὶ
2322 1416 2535 1490 φιλόπαᾶ

1450 1527 1567 1573 τρις.
1637 1510 1823 1558 Maret.

1520 1587 1737 1651 Namque
1779 1590 1940 1649 spreta
1989 1580 2284 1645 exolescunt]
2371 1581 2530 1644 Lego,

1453 1664 1584 1715 Nam
1627 1678 1731 1727 qnoe
1776 1666 1936 1725 spreta
1978 1662 2260 1710 exolescunt.
2325 1659 2526 1708 Muret.

1453 1740 1575 1790 Nou
1601 1739 1677 1788 ita
1697 1739 1828 1788 bene
1853 1737 2114 1798 Muretus,
2144 1752 2253 1787 nam
2275 1750 2380 1799 quae
2397 1746 2533 1798 spreae

1450 1822 1522 1867 ta.
1576 1815 1782 1866 Acidal.
1863 1814 2131 1877 Agnoscere
2169 1818 2250 1861 est
2290 1810 2532 1876 profiteri

1451 1901 1509 1944 et
1538 1894 1734 1943 habere
1758 1907 1854 1957 pro
1879 1906 1989 1941 suo.
2066 1891 2203 1941 Vide
2234 1889 2439 1959 sup.·ad
2462 1884 2529 1940 ιι.

1451 1975 1534 2021 80.
1612 1969 1902 2020 Freinshem.

1518 2049 1652 2099 Cu.
1676 2053 1758 2098 85.
1806 2046 1888 2097 Aa
1917 2045 1993 2096 2‘112·
2030 2047 2217 2110 quidem
2237 2043 2526 2109 septuagesi-

1448 2124 1600 2188 mum]
1656 2125 1816 2174 Forte
1838 2123 2039 2187 melius,
2054 2127 2107 2172 ut
2128 2123 2201 2172 illi
2218 2124 2428 2186 quidam,
2447 2122 2527 2170 in-'

1453 2200 1813 2266 tei-rogationis
1851 2207 1978 2250 nota
2022 2200 2074 2249 in
2120 2200 2280 2269 verbo
2318 2199 2526 2249 retinent

1451 2282 1646 2332 deleta.
1682 2280 1911 2329 Pichena.
1977 2279 2063 2329 Sic
2088 2284 2144 2328 et
2175 2278 2522 2329 Boxhornins.

1452 2359 1614 2421 Male,
1640 2367 1765 2406 'nam
1798 2355 1857 2404 τὸ
1894 2355 2024 2405 Num
2059 2369 2218 2420 supra
2251 2370 2313 2405 ea
2352 2354 2401 2403 vi
2442 2362 2525 2404 est

1451 2453 1554 2503 qua
1583 2437 1786 2486 Utrum.-
1836 2435 2014 2499 itaque
2053 2434 2152 2482 hoc
2193 2435 2414 2482 alterum
2439 2440 2526 2484 est

1450 2514 1688 2574 duorum,
1738 2525 1852 2575 qnae
1898 2509 2219 2573 interrogare
2272 2508 2522 2561 institnit.

1453 2590 1665 2639 Gronov.
1750 2589 1827 2637 M.
1870 2587 2064 2635 Brutus
2109 2591 2165 2634 et
2211 2586 2271 2635 C.
2312 2585 2535 2636 Cassius

1449 2667 1673 2731 partium
1699 2665 1859 2714 duces
1879 2663 1929 2711 in
1948 2662 2278 2723 Macedonia,
2294 2676 2324 2711 a
2343 2668 2525 2726 pugna

1450 2743 1588 2808 apud
1612 2742 1792 2792 urbem
1817 2741 2112 2803 Philippos,
2147 2739 2307 2788 vitam
2346 2734 2524 2788 volun·

1449 2822 1587 2871 taria
1609 2826 1777 2871 morte
1799 2818 2059 2881 finierunt,
2075 2816 2273 2880 Lepido
2296 2820 2351 2865 et
2370 2814 2525 2865 Plan-

1449 2914 1512 2950 co
1536 2899 1677 2949 Coss.
1702 2906 1761 2949 ut
1784 2897 1985 2962 opinor,
2007 2900 2063 2945 et
2085 2900 2229 2943 certe
2256 2893 2391 2942 inter
2414 2892 2529 2963 ch

1450 2975 1573 3026 tavii
1597 2975 1837 3040 primum,
1870 2977 1925 3021 et
1963 2971 2025 3020 L.
2051 2967 2266 3018 Antonii
2290 2968 2523 3018 consula·

1448 3059 1578 3117 tum,
1601 3058 1659 3102 ut
1682 3066 1749 3101 ex
1772 3049 2054 3100 Paterculo
2078 3045 2362 3096 observavi.
2430 3042 2519 3093 In·

1447 3130 1515 3180 de
1562 3144 1687 3180 vero
1732 3128 1774 3178 si
1818 3140 2054 3176 numeres
2093 3125 2157 3173 ad
2204 3123 2420 3173 Cossum
2465 3127 2521 3171 et

1445 3207 1739 3273 Agrippam
1773 3203 2034 3264 consules,
2067 3215 2225 3250 annos
2263 3199 2523 3248 duntaxat

1446 3298 1600 3334 vai.
1623 3292 1741 3348 non,
1777 3287 1835 3331 ut
1874 3277 2038 3330 refert
2060 3277 2353 3340 Cornelius,
2389 3288 2518 3326 Lxx.

1445 3360 1696 3411 invenies.
1762 3356 1866 3409 Sed
1889 3356 1987 3406 hoc
2010 3353 2231 3404 licenter
2252 3348 2519 3401 veteribus

1446 3437 1499 3486 in
1522 3449 1665 3485 more
1704 3434 1930 3499 positum
1965 3428 2083 3491 fuit,
2104 3435 2163 3478 ut
2199 3428 2407 3478 nomine
2444 3432 2520 3475 to-

1448 3515 1567 3572 tius,
1602 3510 2022 3580 Syuecdochicsss
2045 3508 2291 3573 maj0rem
2315 3509 2518 3569 partem

1445 3591 1834 3656 significarent:
1885 3586 2023 3654 quod
2048 3584 2301 3635 Asconius
2343 3582 2397 3632 iu
2437 3581 2522 3633 Μ.

1445 3669 1595 3718 Tullii
1619 3667 1916 3729 Pisoniana,
1938 3670 1993 3714 et
2015 3670 2082 3714 ex‘
2111 3668 2333 3726 utroque
2356 3666 2412 3709 et
2435 3659 2521 3709 Li-

1447 3744 1531 3793 vio
1549 3744 1815 3793 Manutius
1840 3739 2214 3792 eruditissimus
2237 3736 2520 3785 annotavit.

1443 3822 1529 3871 Tu
1553 3821 1743 3870 videris
1766 3819 2110 3884 Augustinum
2140 3815 2382 3867 Civitatis
2423 3825 2519 3863 xv.

1446 3913 1492 3950 ο.
1515 3903 1597 3949 24.
1673 3898 1895 3949 Vertrun.

1514 3977 1752 4034 Quomodo
1787 3971 2095 4036 imaginibus]
2161 3966 2428 4019 Plutarch.
2464 3965 2518 4014 in

1443 4057 1615 4107 Bruto
1656 4050 1820 4102 refert
1859 4047 2111 4113 Lepidum
2136 4043 2361 4108 Augusti
2408 4040 2517 4093 fac·
2546 4088 2557 4093 -

1445 4139 1556 4181 tum
1578 4130 1643 4179 tle
1660 4127 1813 4178 Bruti
1838 4131 2013 4175 statua
2034 4121 2339 4187 Mediolani,
2360 4132 2519 4219 quent

1447 4208 1656 4261 omnino
1680 4204 1817 4253 vide.
1886 4202 2070 4250 Muret.

1514 4284 1648 4340 Quas
1667 4294 1750 4329 nec
1770 4280 1922 4327 victor
1941 4272 2125 4341 quidem
2145 4274 2371 4339 abolevit]
2411 4273 2516 4324 Ge-

1442 4374 1543 4412 nus
1575 4356 1770 4423 mendi,
1808 4354 1946 4423 qnod
1991 4353 2185 4418 passim
2218 4351 2430 4416 insedit,
2459 4354 2517 4399 et
