<?xml version="1.0" encoding="UTF-8"?>
<!DOCTYPE html PUBLIC "-//W3C//DTD XHTML 1.0 Transitional//EN"
    "http://www.w3.org/TR/xhtml1/DTD/xhtml1-transitional.dtd">
<html xmlns="http://www.w3.org/1999/xhtml" xml:lang="en" lang="en">
 <head>
  <title>
</title>
<meta http-equiv="Content-Type" content="text/html;charset=utf-8" />
  <meta name='ocr-system' content='tesseract 3.04.00' />
  <meta name='ocr-capabilities' content='ocr_page ocr_carea ocr_par ocr_line ocrx_word'/>
</head>
<body>
  <div class='ocr_page' id='page_1' title='image "./operaomnia10tacigoog_0521.png"; bbox 0 0 3009 4942; ppageno 0'>
   <div class='ocr_carea' id='block_1_1' title="bbox 772 406 2519 488">
    <p class='ocr_par' dir='ltr' id='par_1_1' title="bbox 772 406 2519 488">
     <span class='ocr_line' id='line_1_1' title="bbox 772 406 2519 488; baseline 0.014 -26"><span class='ocrx_word' id='word_1_1' title='bbox 772 416 919 464; x_wconf 78' lang='lat' dir='ltr'>mn.</span> <span class='ocrx_word' id='word_1_2' title='bbox 967 418 1078 469; x_wconf 82' lang='grc' dir='ltr'><strong>ιιι.</strong></span> <span class='ocrx_word' id='word_1_3' title='bbox 1127 419 1290 471; x_wconf 79' lang='lat' dir='ltr'>cAP.</span> <span class='ocrx_word' id='word_1_4' title='bbox 1334 406 1441 472; x_wconf 84' lang='lat'>31.</span> <span class='ocrx_word' id='word_1_5' title='bbox 1492 425 2052 481; x_wconf 60' lang='lat' dir='ltr'>ms&#39;romsaust.</span> <span class='ocrx_word' id='word_1_6' title='bbox 2341 420 2519 488; x_wconf 65' lang='lat'>4251,</span> 
     </span>
    </p>
   </div>
   <div class='ocr_carea' id='block_1_2' title="bbox 314 553 2520 716">
    <p class='ocr_par' dir='ltr' id='par_1_2' title="bbox 314 553 2520 716">
     <span class='ocr_line' id='line_1_2' title="bbox 315 553 2520 639; baseline 0.013 -38"><span class='ocrx_word' id='word_1_7' title='bbox 315 553 589 617; x_wconf 63' lang='lat' dir='ltr'>nestellam</span> <span class='ocrx_word' id='word_1_8' title='bbox 643 570 750 605; x_wconf 71' lang='lat' dir='ltr'>eum</span> <span class='ocrx_word' id='word_1_9' title='bbox 807 560 954 608; x_wconf 79' lang='lat' dir='ltr'>armis</span> <span class='ocrx_word' id='word_1_10' title='bbox 1011 566 1057 611; x_wconf 87' lang='lat' dir='ltr'>et</span> <span class='ocrx_word' id='word_1_11' title='bbox 1113 565 1213 613; x_wconf 81' lang='lat' dir='ltr'>dol.</span> <span class='ocrx_word' id='word_1_12' title='bbox 1277 564 1380 613; x_wconf 87' lang='lat' dir='ltr'>Sed</span> <span class='ocrx_word' id='word_1_13' title='bbox 1459 567 1576 617; x_wconf 83' lang='lat' dir='ltr'>tnr.’</span> <span class='ocrx_word' id='word_1_14' title='bbox 1606 568 1885 622; x_wconf 74' lang='lat' dir='ltr'>Salinerius.</span> <span class='ocrx_word' id='word_1_15' title='bbox 1951 575 2156 639; x_wconf 83' lang='lat' dir='ltr'><strong>Lipsius</strong></span> <span class='ocrx_word' id='word_1_16' title='bbox 2195 577 2380 629; x_wconf 86' lang='lat' dir='ltr'>scribit</span> <span class='ocrx_word' id='word_1_17' title='bbox 2414 583 2520 629; x_wconf 69' lang='lat' dir='ltr'>tert·</span> 
     </span>
     <span class='ocr_line' id='line_1_3' title="bbox 314 630 2518 716; baseline 0.012 -35"><span class='ocrx_word' id='word_1_18' title='bbox 314 630 380 681; x_wconf 74' lang='lat' dir='ltr'>ab</span> <span class='ocrx_word' id='word_1_19' title='bbox 404 631 659 681; x_wconf 86' lang='lat' dir='ltr'>audaculo</span> <span class='ocrx_word' id='word_1_20' title='bbox 681 638 1014 687; x_wconf 83' lang='lat' dir='ltr'>emendatore</span> <span class='ocrx_word' id='word_1_21' title='bbox 1057 641 1380 693; x_wconf 84' lang='lat' dir='ltr'>emendatum</span> <span class='ocrx_word' id='word_1_22' title='bbox 1456 647 1594 697; x_wconf 77' lang='lat' dir='ltr'>tatio.</span> <span class='ocrx_word' id='word_1_23' title='bbox 1681 649 1793 712; x_wconf 87' lang='lat' dir='ltr'>Ego</span> <span class='ocrx_word' id='word_1_24' title='bbox 1834 653 2043 702; x_wconf 72' lang='lat' dir='ltr'>cantatio</span> <span class='ocrx_word' id='word_1_25' title='bbox 2094 657 2368 716; x_wconf 79' lang='lat' dir='ltr'>retineam,</span> <span class='ocrx_word' id='word_1_26' title='bbox 2413 671 2518 707; x_wconf 88' lang='lat' dir='ltr'>non</span> 
     </span>
    </p>
   </div>
   <div class='ocr_carea' id='block_1_3' title="bbox 312 712 2519 874">
    <p class='ocr_par' dir='ltr' id='par_1_3' title="bbox 312 712 2519 874">
     <span class='ocr_line' id='line_1_4' title="bbox 313 712 2519 797; baseline 0.015 -42"><span class='ocrx_word' id='word_1_27' title='bbox 313 715 461 769; x_wconf 80' lang='lat' dir='ltr'>puto.</span> <span class='ocrx_word' id='word_1_28' title='bbox 564 712 698 760; x_wconf 89' lang='lat' dir='ltr'>Nam</span> <span class='ocrx_word' id='word_1_29' title='bbox 755 715 894 763; x_wconf 77' lang='lat' dir='ltr'>hama</span> <span class='ocrx_word' id='word_1_30' title='bbox 949 717 1056 765; x_wconf 76' lang='lat' dir='ltr'>vel·</span> <span class='ocrx_word' id='word_1_31' title='bbox 1090 719 1254 791; x_wconf 74' lang='lat' dir='ltr'>hamus</span> <span class='ocrx_word' id='word_1_32' title='bbox 1306 720 1381 775; x_wconf 83' lang='lat' dir='ltr'>iu·</span> <span class='ocrx_word' id='word_1_33' title='bbox 1448 732 1628 775; x_wconf 73' lang='lat' dir='ltr'>-mmen</span> <span class='ocrx_word' id='word_1_34' title='bbox 1649 729 1842 792; x_wconf 83' lang='lat' dir='ltr'>vulgari</span> <span class='ocrx_word' id='word_1_35' title='bbox 1860 732 2245 797; x_wconf 85' lang='lat' dir='ltr'>significatu,ut</span> <span class='ocrx_word' id='word_1_36' title='bbox 2264 735 2306 784; x_wconf 91' lang='lat' dir='ltr'>si</span> <span class='ocrx_word' id='word_1_37' title='bbox 2323 736 2519 788; x_wconf 81' lang='lat' dir='ltr'>scribas</span> 
     </span>
     <span class='ocr_line' id='line_1_5' title="bbox 312 791 2519 874; baseline 0.014 -42"><span class='ocrx_word' id='word_1_38' title='bbox 312 791 659 837; x_wconf 87' lang='lat' dir='ltr'>strumentum</span> <span class='ocrx_word' id='word_1_39' title='bbox 701 797 781 840; x_wconf 86' lang='lat' dir='ltr'>est</span> <span class='ocrx_word' id='word_1_40' title='bbox 825 793 890 840; x_wconf 88' lang='lat' dir='ltr'>ad</span> <span class='ocrx_word' id='word_1_41' title='bbox 949 793 1188 844; x_wconf 86' lang='lat' dir='ltr'>incendia</span> <span class='ocrx_word' id='word_1_42' title='bbox 1247 811 1381 845; x_wconf 89' lang='lat' dir='ltr'>com·</span> <span class='ocrx_word' id='word_1_43' title='bbox 1452 805 1814 866; x_wconf 79' lang='lat' dir='ltr'>cunctatio,sed</span> <span class='ocrx_word' id='word_1_44' title='bbox 1841 823 1933 870; x_wconf 87' lang='lat' dir='ltr'>pro</span> <span class='ocrx_word' id='word_1_45' title='bbox 1957 814 2292 874; x_wconf 78' lang='lat' dir='ltr'>scrutatione,</span> <span class='ocrx_word' id='word_1_46' title='bbox 2330 818 2519 862; x_wconf 73' lang='lat' dir='ltr'>aconto</span> 
     </span>
    </p>
   </div>
   <div class='ocr_carea' id='block_1_4' title="bbox 311 864 1380 1017">
    <p class='ocr_par' dir='ltr' id='par_1_4' title="bbox 311 864 1380 1017">
     <span class='ocr_line' id='line_1_6' title="bbox 312 864 1379 934; baseline 0.016 -27"><span class='ocrx_word' id='word_1_47' title='bbox 312 864 595 923; x_wconf 72' lang='lat' dir='ltr'>pascenda.</span> <span class='ocrx_word' id='word_1_48' title='bbox 666 868 801 916; x_wconf 86' lang='lat' dir='ltr'>Plin.</span> <span class='ocrx_word' id='word_1_49' title='bbox 827 870 877 919; x_wconf 88' lang='lat' dir='ltr'>in</span> <span class='ocrx_word' id='word_1_50' title='bbox 909 872 1064 934; x_wconf 82' lang='lat' dir='ltr'>epist.</span> <span class='ocrx_word' id='word_1_51' title='bbox 1114 873 1128 898; x_wconf 92' lang='lat'>‘</span> <span class='ocrx_word' id='word_1_52' title='bbox 1154 875 1222 922; x_wconf 85' lang='lat' dir='ltr'>Et</span> <span class='ocrx_word' id='word_1_53' title='bbox 1256 875 1379 923; x_wconf 88' lang='lat' dir='ltr'>alio·</span> 
     </span>
     <span class='ocr_line' id='line_1_7' title="bbox 311 939 1380 1017; baseline 0.016 -31"><span class='ocrx_word' id='word_1_54' title='bbox 311 939 403 1003; x_wconf 88' lang='lat' dir='ltr'>qui</span> <span class='ocrx_word' id='word_1_55' title='bbox 427 942 594 992; x_wconf 86' lang='lat' dir='ltr'>nullus</span> <span class='ocrx_word' id='word_1_56' title='bbox 631 960 843 1010; x_wconf 85' lang='lat' dir='ltr'>usquam</span> <span class='ocrx_word' id='word_1_57' title='bbox 882 950 935 998; x_wconf 88' lang='lat' dir='ltr'>in</span> <span class='ocrx_word' id='word_1_58' title='bbox 972 952 1183 1014; x_wconf 83' lang='lat' dir='ltr'>publico</span> <span class='ocrx_word' id='word_1_59' title='bbox 1215 954 1380 1017; x_wconf 83' lang='lat' dir='ltr'>sipho,</span> 
     </span>
    </p>
   </div>
   <div class='ocr_carea' id='block_1_5' title="bbox 201 1017 1380 1103">
    <p class='ocr_par' dir='ltr' id='par_1_5' title="bbox 201 1017 1380 1103">
     <span class='ocr_line' id='line_1_8' title="bbox 201 1017 1380 1103; baseline 0.017 -43"><span class='ocrx_word' id='word_1_60' title='bbox 201 1018 246 1103; x_wconf 52' lang='lat'>.&#39;</span> <span class='ocrx_word' id='word_1_61' title='bbox 311 1017 455 1065; x_wconf 86' lang='lat' dir='ltr'>nulla</span> <span class='ocrx_word' id='word_1_62' title='bbox 494 1019 661 1081; x_wconf 80' lang='lat' dir='ltr'>hama,</span> <span class='ocrx_word' id='word_1_63' title='bbox 703 1026 898 1074; x_wconf 87' lang='lat' dir='ltr'>nullum</span> <span class='ocrx_word' id='word_1_64' title='bbox 934 1026 1156 1092; x_wconf 87' lang='lat' dir='ltr'>denique</span> <span class='ocrx_word' id='word_1_65' title='bbox 1196 1029 1380 1079; x_wconf 85' lang='lat' dir='ltr'>instru-</span> 
     </span>
    </p>
   </div>
   <div class='ocr_carea' id='block_1_6' title="bbox 274 1099 1380 4417">
    <p class='ocr_par' dir='ltr' id='par_1_6' title="bbox 299 1099 1380 2485">
     <span class='ocr_line' id='line_1_9' title="bbox 310 1099 1380 1169; baseline 0.018 -30"><span class='ocrx_word' id='word_1_66' title='bbox 310 1101 545 1144; x_wconf 85' lang='lat' dir='ltr'>mentum</span> <span class='ocrx_word' id='word_1_67' title='bbox 621 1099 685 1145; x_wconf 82' lang='lat' dir='ltr'>ad</span> <span class='ocrx_word' id='word_1_68' title='bbox 749 1100 989 1152; x_wconf 83' lang='lat' dir='ltr'>incendia</span> <span class='ocrx_word' id='word_1_69' title='bbox 1049 1121 1380 1169; x_wconf 87' lang='lat' dir='ltr'>compescen-</span> 
     </span>
     <span class='ocr_line' id='line_1_10' title="bbox 308 1168 1378 1235; baseline 0.018 -19"><span class='ocrx_word' id='word_1_70' title='bbox 308 1168 417 1217; x_wconf 83' lang='lat' dir='ltr'>da.’</span> <span class='ocrx_word' id='word_1_71' title='bbox 486 1172 618 1223; x_wconf 87' lang='lat' dir='ltr'>Cato</span> <span class='ocrx_word' id='word_1_72' title='bbox 646 1175 711 1224; x_wconf 89' lang='lat' dir='ltr'>de</span> <span class='ocrx_word' id='word_1_73' title='bbox 736 1192 792 1225; x_wconf 88' lang='lat' dir='ltr'>re</span> <span class='ocrx_word' id='word_1_74' title='bbox 818 1179 965 1230; x_wconf 88' lang='lat' dir='ltr'>Rust.</span> <span class='ocrx_word' id='word_1_75' title='bbox 998 1182 1135 1231; x_wconf 82' lang='lat' dir='ltr'>hama</span> <span class='ocrx_word' id='word_1_76' title='bbox 1158 1199 1275 1233; x_wconf 86' lang='lat' dir='ltr'>usus</span> <span class='ocrx_word' id='word_1_77' title='bbox 1298 1191 1378 1235; x_wconf 88' lang='lat' dir='ltr'>est</span> 
     </span>
     <span class='ocr_line' id='line_1_11' title="bbox 306 1244 1378 1325; baseline 0.02 -34"><span class='ocrx_word' id='word_1_78' title='bbox 306 1259 410 1309; x_wconf 82' lang='lat' dir='ltr'>pro</span> <span class='ocrx_word' id='word_1_79' title='bbox 437 1244 751 1301; x_wconf 83' lang='lat' dir='ltr'>ferramento</span> <span class='ocrx_word' id='word_1_80' title='bbox 775 1255 982 1307; x_wconf 81' lang='lat' dir='ltr'>rustico.</span> <span class='ocrx_word' id='word_1_81' title='bbox 1048 1259 1235 1325; x_wconf 82' lang='lat' dir='ltr'>Itaque</span> <span class='ocrx_word' id='word_1_82' title='bbox 1259 1277 1378 1312; x_wconf 83' lang='lat' dir='ltr'>cau-</span> 
     </span>
     <span class='ocr_line' id='line_1_12' title="bbox 310 1326 1378 1395; baseline 0.019 -25"><span class='ocrx_word' id='word_1_83' title='bbox 310 1337 424 1390; x_wconf 80' lang='lat' dir='ltr'>sam</span> <span class='ocrx_word' id='word_1_84' title='bbox 461 1326 628 1376; x_wconf 87' lang='lat' dir='ltr'>adhuc</span> <span class='ocrx_word' id='word_1_85' title='bbox 668 1332 893 1395; x_wconf 83' lang='lat' dir='ltr'>requiro,</span> <span class='ocrx_word' id='word_1_86' title='bbox 930 1348 1025 1384; x_wconf 91' lang='lat' dir='ltr'>cur</span> <span class='ocrx_word' id='word_1_87' title='bbox 1060 1338 1255 1388; x_wconf 88' lang='lat' dir='ltr'>Paulus</span> <span class='ocrx_word' id='word_1_88' title='bbox 1286 1343 1378 1389; x_wconf 80' lang='lat' dir='ltr'>cal·</span> 
     </span>
     <span class='ocr_line' id='line_1_13' title="bbox 307 1405 1379 1479; baseline 0.016 -31"><span class='ocrx_word' id='word_1_89' title='bbox 307 1407 496 1451; x_wconf 76' lang='lat' dir='ltr'>reatum</span> <span class='ocrx_word' id='word_1_90' title='bbox 519 1405 740 1455; x_wconf 86' lang='lat' dir='ltr'>voluerit</span> <span class='ocrx_word' id='word_1_91' title='bbox 772 1424 884 1457; x_wconf 89' lang='lat' dir='ltr'>esse</span> <span class='ocrx_word' id='word_1_92' title='bbox 908 1411 1222 1463; x_wconf 79' lang='lat' dir='ltr'>Praefectum</span> <span class='ocrx_word' id='word_1_93' title='bbox 1257 1418 1379 1479; x_wconf 78' lang='lat' dir='ltr'>vigi-</span> 
     </span>
     <span class='ocr_line' id='line_1_14' title="bbox 309 1476 1378 1550; baseline 0.018 -27"><span class='ocrx_word' id='word_1_94' title='bbox 309 1476 435 1540; x_wconf 81' lang='lat' dir='ltr'>lum,</span> <span class='ocrx_word' id='word_1_95' title='bbox 457 1479 595 1529; x_wconf 86' lang='lat' dir='ltr'>aliud</span> <span class='ocrx_word' id='word_1_96' title='bbox 618 1482 659 1531; x_wconf 87' lang='lat' dir='ltr'>si</span> <span class='ocrx_word' id='word_1_97' title='bbox 681 1485 959 1550; x_wconf 64' lang='lat' dir='ltr'>caligatum</span> <span class='ocrx_word' id='word_1_98' title='bbox 977 1489 1222 1540; x_wconf 77' lang='lat' dir='ltr'>dixisset:</span> <span class='ocrx_word' id='word_1_99' title='bbox 1261 1508 1378 1542; x_wconf 91' lang='lat' dir='ltr'>nam</span> 
     </span>
     <span class='ocr_line' id='line_1_15' title="bbox 308 1556 1378 1632; baseline 0.014 -28"><span class='ocrx_word' id='word_1_100' title='bbox 308 1556 565 1620; x_wconf 82' lang='lat' dir='ltr'>Ulpianus</span> <span class='ocrx_word' id='word_1_101' title='bbox 599 1563 860 1622; x_wconf 73' lang='lat' dir='ltr'>caligatum</span> <span class='ocrx_word' id='word_1_102' title='bbox 892 1566 1091 1616; x_wconf 79' lang='lat' dir='ltr'>militem</span> <span class='ocrx_word' id='word_1_103' title='bbox 1125 1571 1378 1632; x_wconf 86' lang='lat' dir='ltr'>appellat,</span> 
     </span>
     <span class='ocr_line' id='line_1_16' title="bbox 308 1631 1379 1705; baseline 0.013 -24"><span class='ocrx_word' id='word_1_104' title='bbox 308 1631 364 1681; x_wconf 92' lang='lat' dir='ltr'>in</span> <span class='ocrx_word' id='word_1_105' title='bbox 389 1636 586 1699; x_wconf 85' lang='lat' dir='ltr'>capite,</span> <span class='ocrx_word' id='word_1_106' title='bbox 618 1639 770 1690; x_wconf 83' lang='lat' dir='ltr'>Quod</span> <span class='ocrx_word' id='word_1_107' title='bbox 808 1642 880 1690; x_wconf 81' lang='lat' dir='ltr'>ait</span> <span class='ocrx_word' id='word_1_108' title='bbox 903 1645 1127 1705; x_wconf 78' lang='lat' dir='ltr'>Praetor,</span> <span class='ocrx_word' id='word_1_109' title='bbox 1168 1647 1220 1695; x_wconf 89' lang='lat' dir='ltr'>in</span> <span class='ocrx_word' id='word_1_110' title='bbox 1246 1647 1379 1695; x_wconf 83' lang='lat' dir='ltr'>Pan·</span> 
     </span>
     <span class='ocr_line' id='line_1_17' title="bbox 309 1708 1377 1785; baseline 0.014 -27"><span class='ocrx_word' id='word_1_111' title='bbox 309 1708 455 1760; x_wconf 88' lang='lat' dir='ltr'>dect.</span> <span class='ocrx_word' id='word_1_112' title='bbox 478 1719 725 1780; x_wconf 83' lang='lat' dir='ltr'>tractatu,</span> <span class='ocrx_word' id='word_1_113' title='bbox 747 1717 812 1766; x_wconf 88' lang='lat' dir='ltr'>de</span> <span class='ocrx_word' id='word_1_114' title='bbox 836 1718 912 1768; x_wconf 83' lang='lat' dir='ltr'>his</span> <span class='ocrx_word' id='word_1_115' title='bbox 930 1721 1018 1785; x_wconf 89' lang='lat' dir='ltr'>qui</span> <span class='ocrx_word' id='word_1_116' title='bbox 1035 1729 1281 1772; x_wconf 87' lang='lat' dir='ltr'>notantur</span> <span class='ocrx_word' id='word_1_117' title='bbox 1302 1725 1377 1772; x_wconf 89' lang='lat' dir='ltr'>in-</span> 
     </span>
     <span class='ocr_line' id='line_1_18' title="bbox 306 1790 1375 1864; baseline 0.012 -25"><span class='ocrx_word' id='word_1_118' title='bbox 306 1790 483 1857; x_wconf 81' lang='lat' dir='ltr'>famia,</span> <span class='ocrx_word' id='word_1_119' title='bbox 499 1803 554 1845; x_wconf 88' lang='lat' dir='ltr'>et</span> <span class='ocrx_word' id='word_1_120' title='bbox 571 1797 856 1849; x_wconf 79' lang='lat' dir='ltr'>Venuleius</span> <span class='ocrx_word' id='word_1_121' title='bbox 873 1801 925 1849; x_wconf 89' lang='lat' dir='ltr'>in</span> <span class='ocrx_word' id='word_1_122' title='bbox 946 1814 1060 1864; x_wconf 86' lang='lat' dir='ltr'>cap.</span> <span class='ocrx_word' id='word_1_123' title='bbox 1082 1801 1148 1850; x_wconf 91' lang='lat' dir='ltr'>de</span> <span class='ocrx_word' id='word_1_124' title='bbox 1165 1803 1375 1852; x_wconf 83' lang='lat' dir='ltr'>militib.</span> 
     </span>
     <span class='ocr_line' id='line_1_19' title="bbox 309 1871 1375 1935; baseline 0.006 -11"><span class='ocrx_word' id='word_1_125' title='bbox 309 1876 365 1924; x_wconf 87' lang='lat' dir='ltr'>in</span> <span class='ocrx_word' id='word_1_126' title='bbox 408 1871 533 1935; x_wconf 79' lang='lat' dir='ltr'>Dig.</span> <span class='ocrx_word' id='word_1_127' title='bbox 574 1882 801 1927; x_wconf 83' lang='lat' dir='ltr'>tractatu</span> <span class='ocrx_word' id='word_1_128' title='bbox 838 1878 904 1928; x_wconf 89' lang='lat' dir='ltr'>de</span> <span class='ocrx_word' id='word_1_129' title='bbox 945 1886 1078 1929; x_wconf 87' lang='lat' dir='ltr'>cust.</span> <span class='ocrx_word' id='word_1_130' title='bbox 1114 1887 1170 1930; x_wconf 88' lang='lat' dir='ltr'>et</span> <span class='ocrx_word' id='word_1_131' title='bbox 1204 1881 1375 1930; x_wconf 77' lang='lat' dir='ltr'>exhib-</span> 
     </span>
     <span class='ocr_line' id='line_1_20' title="bbox 310 1954 1377 2008; baseline 0.008 -8"><span class='ocrx_word' id='word_1_132' title='bbox 310 1966 536 2002; x_wconf 88' lang='lat' dir='ltr'>reorum.</span> <span class='ocrx_word' id='word_1_133' title='bbox 604 1955 722 2005; x_wconf 85' lang='lat' dir='ltr'>Nisi</span> <span class='ocrx_word' id='word_1_134' title='bbox 746 1954 922 2005; x_wconf 83' lang='lat' dir='ltr'>forsan</span> <span class='ocrx_word' id='word_1_135' title='bbox 962 1957 1153 2006; x_wconf 76' lang='lat' dir='ltr'>dixeris</span> <span class='ocrx_word' id='word_1_136' title='bbox 1178 1959 1377 2008; x_wconf 83' lang='lat' dir='ltr'>calcea·</span> 
     </span>
     <span class='ocr_line' id='line_1_21' title="bbox 310 2031 1378 2099; baseline 0.006 -20"><span class='ocrx_word' id='word_1_137' title='bbox 310 2036 419 2079; x_wconf 85' lang='lat' dir='ltr'>tum</span> <span class='ocrx_word' id='word_1_138' title='bbox 445 2031 640 2081; x_wconf 89' lang='lat' dir='ltr'>debere</span> <span class='ocrx_word' id='word_1_139' title='bbox 674 2047 787 2083; x_wconf 86' lang='lat' dir='ltr'>esse</span> <span class='ocrx_word' id='word_1_140' title='bbox 810 2032 1126 2085; x_wconf 79' lang='lat' dir='ltr'>Praefectum</span> <span class='ocrx_word' id='word_1_141' title='bbox 1150 2035 1378 2099; x_wconf 82' lang='lat' dir='ltr'>vigilum,</span> 
     </span>
     <span class='ocr_line' id='line_1_22' title="bbox 311 2109 1378 2177; baseline 0.006 -21"><span class='ocrx_word' id='word_1_142' title='bbox 311 2109 451 2173; x_wconf 86' lang='lat' dir='ltr'>quod</span> <span class='ocrx_word' id='word_1_143' title='bbox 475 2109 668 2159; x_wconf 85' lang='lat' dir='ltr'>calceis</span> <span class='ocrx_word' id='word_1_144' title='bbox 692 2117 963 2160; x_wconf 85' lang='lat' dir='ltr'>uteretur:</span> <span class='ocrx_word' id='word_1_145' title='bbox 999 2126 1117 2161; x_wconf 83' lang='lat' dir='ltr'>nam</span> <span class='ocrx_word' id='word_1_146' title='bbox 1153 2113 1287 2177; x_wconf 83' lang='lat' dir='ltr'>ignis</span> <span class='ocrx_word' id='word_1_147' title='bbox 1321 2122 1378 2163; x_wconf 90' lang='lat' dir='ltr'>et</span> 
     </span>
     <span class='ocr_line' id='line_1_23' title="bbox 299 2186 1376 2250; baseline 0.005 -15"><span class='ocrx_word' id='word_1_148' title='bbox 299 2186 566 2235; x_wconf 73' lang='lat' dir='ltr'>*carbones</span> <span class='ocrx_word' id='word_1_149' title='bbox 588 2186 808 2250; x_wconf 85' lang='lat' dir='ltr'>pedibus</span> <span class='ocrx_word' id='word_1_150' title='bbox 838 2188 918 2236; x_wconf 86' lang='lat' dir='ltr'>illi</span> <span class='ocrx_word' id='word_1_151' title='bbox 933 2198 1081 2239; x_wconf 79' lang='lat' dir='ltr'>erant</span> <span class='ocrx_word' id='word_1_152' title='bbox 1098 2189 1376 2240; x_wconf 86' lang='lat' dir='ltr'>atterendi.</span> 
     </span>
     <span class='ocr_line' id='line_1_24' title="bbox 307 2264 1375 2330; baseline 0.006 -18"><span class='ocrx_word' id='word_1_153' title='bbox 307 2265 535 2330; x_wconf 58' lang='lat' dir='ltr'>Liganes</span> <span class='ocrx_word' id='word_1_154' title='bbox 571 2267 668 2315; x_wconf 88' lang='lat' dir='ltr'>hoc</span> <span class='ocrx_word' id='word_1_155' title='bbox 708 2266 821 2315; x_wconf 88' lang='lat' dir='ltr'>loco</span> <span class='ocrx_word' id='word_1_156' title='bbox 863 2266 1035 2316; x_wconf 83' lang='lat' dir='ltr'>Taciti</span> <span class='ocrx_word' id='word_1_157' title='bbox 1064 2264 1128 2316; x_wconf 70' lang='lat' dir='ltr'>a‘d</span> <span class='ocrx_word' id='word_1_158' title='bbox 1182 2274 1375 2318; x_wconf 80' lang='lat' dir='ltr'>terram</span> 
     </span>
     <span class='ocr_line' id='line_1_25' title="bbox 306 2341 1376 2399; baseline 0.007 -9"><span class='ocrx_word' id='word_1_159' title='bbox 306 2341 604 2393; x_wconf 80' lang='lat' dir='ltr'>fodiendam</span> <span class='ocrx_word' id='word_1_160' title='bbox 631 2352 753 2394; x_wconf 86' lang='lat' dir='ltr'>sunt</span> <span class='ocrx_word' id='word_1_161' title='bbox 789 2346 1007 2396; x_wconf 80' lang='lat' dir='ltr'>maxime</span> <span class='ocrx_word' id='word_1_162' title='bbox 1041 2348 1376 2399; x_wconf 81' lang='lat' dir='ltr'>accommodi.</span> 
     </span>
     <span class='ocr_line' id='line_1_26' title="bbox 306 2421 547 2485; baseline 0 0"><span class='ocrx_word' id='word_1_163' title='bbox 306 2421 547 2485; x_wconf 54' lang='lat' dir='ltr'>Dumna-⁹·</span> 
     </span>
    </p>

    <p class='ocr_par' dir='ltr' id='par_1_7' title="bbox 308 2491 1375 2642">
     <span class='ocr_line' id='line_1_27' title="bbox 361 2491 1375 2565; baseline 0.003 -16"><span class='ocrx_word' id='word_1_164' title='bbox 361 2491 630 2549; x_wconf 64' lang='lat' dir='ltr'>⁴Vitelliani</span> <span class='ocrx_word' id='word_1_165' title='bbox 646 2500 946 2565; x_wconf 67' lang='lat' dir='ltr'>provolvunt]</span> <span class='ocrx_word' id='word_1_166' title='bbox 981 2501 1044 2551; x_wconf 90' lang='lat' dir='ltr'>In</span> <span class='ocrx_word' id='word_1_167' title='bbox 1086 2502 1204 2552; x_wconf 91' lang='lat' dir='ltr'>cod.</span> <span class='ocrx_word' id='word_1_168' title='bbox 1240 2502 1375 2553; x_wconf 83' lang='lat' dir='ltr'>Bud.</span> 
     </span>
     <span class='ocr_line' id='line_1_28' title="bbox 308 2579 1060 2642; baseline 0 -15"><span class='ocrx_word' id='word_1_169' title='bbox 308 2586 408 2641; x_wconf 88' lang='lat' dir='ltr'>est,</span> <span class='ocrx_word' id='word_1_170' title='bbox 424 2581 735 2642; x_wconf 70' lang='lat' dir='ltr'>prevaleant.</span> <span class='ocrx_word' id='word_1_171' title='bbox 767 2579 1060 2628; x_wconf 80' lang='lat' dir='ltr'>Rhenanus.</span> 
     </span>
    </p>

    <p class='ocr_par' dir='ltr' id='par_1_8' title="bbox 305 2646 1376 2876">
     <span class='ocr_line' id='line_1_29' title="bbox 377 2646 1376 2720; baseline 0.002 -14"><span class='ocrx_word' id='word_1_172' title='bbox 377 2658 510 2707; x_wconf 65' lang='lat' dir='ltr'>CM».</span> <span class='ocrx_word' id='word_1_173' title='bbox 534 2662 616 2706; x_wconf 80' lang='lat'>28.</span> <span class='ocrx_word' id='word_1_174' title='bbox 649 2646 823 2706; x_wconf 32' lang='lat' dir='ltr'>*Multa</span> <span class='ocrx_word' id='word_1_175' title='bbox 864 2673 969 2706; x_wconf 79' lang='lat' dir='ltr'>cum</span> <span class='ocrx_word' id='word_1_176' title='bbox 1007 2663 1185 2720; x_wconf 78' lang='lat' dir='ltr'>strage,</span> <span class='ocrx_word' id='word_1_177' title='bbox 1228 2659 1376 2708; x_wconf 75' lang='lat' dir='ltr'>inees-</span> 
     </span>
     <span class='ocr_line' id='line_1_30' title="bbox 306 2732 1374 2798; baseline 0.004 -18"><span class='ocrx_word' id='word_1_178' title='bbox 306 2732 459 2795; x_wconf 86' lang='lat' dir='ltr'>serat]</span> <span class='ocrx_word' id='word_1_179' title='bbox 495 2732 560 2781; x_wconf 90' lang='lat' dir='ltr'>Id</span> <span class='ocrx_word' id='word_1_180' title='bbox 584 2740 679 2796; x_wconf 88' lang='lat' dir='ltr'>est,</span> <span class='ocrx_word' id='word_1_181' title='bbox 718 2733 837 2798; x_wconf 84' lang='lat' dir='ltr'>qnia</span> <span class='ocrx_word' id='word_1_182' title='bbox 860 2735 1024 2782; x_wconf 87' lang='lat' dir='ltr'>multa</span> <span class='ocrx_word' id='word_1_183' title='bbox 1057 2741 1283 2797; x_wconf 81' lang='lat' dir='ltr'>strages,</span> <span class='ocrx_word' id='word_1_184' title='bbox 1314 2736 1374 2784; x_wconf 87' lang='lat' dir='ltr'>ti·</span> 
     </span>
     <span class='ocr_line' id='line_1_31' title="bbox 305 2809 1373 2876; baseline 0.004 -18"><span class='ocrx_word' id='word_1_185' title='bbox 305 2809 495 2858; x_wconf 85' lang='lat' dir='ltr'>midior</span> <span class='ocrx_word' id='word_1_186' title='bbox 512 2816 564 2858; x_wconf 89' lang='lat' dir='ltr'>et</span> <span class='ocrx_word' id='word_1_187' title='bbox 582 2810 913 2860; x_wconf 83' lang='lat' dir='ltr'>cunctantior</span> <span class='ocrx_word' id='word_1_188' title='bbox 926 2810 1036 2873; x_wconf 86' lang='lat' dir='ltr'>jam</span> <span class='ocrx_word' id='word_1_189' title='bbox 1051 2810 1213 2860; x_wconf 87' lang='lat' dir='ltr'>miles.</span> <span class='ocrx_word' id='word_1_190' title='bbox 1237 2812 1373 2876; x_wconf 81' lang='lat' dir='ltr'>Lips.</span> 
     </span>
    </p>

    <p class='ocr_par' dir='ltr' id='par_1_9' title="bbox 304 2886 1376 3411">
     <span class='ocr_line' id='line_1_32' title="bbox 375 2886 1374 2953; baseline 0.005 -20"><span class='ocrx_word' id='word_1_191' title='bbox 375 2886 538 2934; x_wconf 84' lang='lat' dir='ltr'>Multa</span> <span class='ocrx_word' id='word_1_192' title='bbox 561 2901 665 2935; x_wconf 77' lang='lat' dir='ltr'>eum</span> <span class='ocrx_word' id='word_1_193' title='bbox 685 2893 849 2951; x_wconf 78' lang='lat' dir='ltr'>strage</span> <span class='ocrx_word' id='word_1_194' title='bbox 869 2888 1123 2937; x_wconf 75' lang='lat' dir='ltr'>incesserat</span> <span class='ocrx_word' id='word_1_195' title='bbox 1146 2890 1374 2953; x_wconf 78' lang='lat' dir='ltr'>cantatio]</span> 
     </span>
     <span class='ocr_line' id='line_1_33' title="bbox 308 2961 1374 3028; baseline 0.006 -19"><span class='ocrx_word' id='word_1_196' title='bbox 308 2961 532 3010; x_wconf 73' lang='lat' dir='ltr'>Rectum</span> <span class='ocrx_word' id='word_1_197' title='bbox 557 2969 652 3025; x_wconf 87' lang='lat' dir='ltr'>est,</span> <span class='ocrx_word' id='word_1_198' title='bbox 687 2972 806 3027; x_wconf 88' lang='lat' dir='ltr'>post</span> <span class='ocrx_word' id='word_1_199' title='bbox 839 2963 1049 3012; x_wconf 83' lang='lat' dir='ltr'>multam</span> <span class='ocrx_word' id='word_1_200' title='bbox 1072 2970 1295 3028; x_wconf 86' lang='lat' dir='ltr'>stragem</span> <span class='ocrx_word' id='word_1_201' title='bbox 1321 2967 1374 3015; x_wconf 89' lang='lat' dir='ltr'>in</span> 
     </span>
     <span class='ocr_line' id='line_1_34' title="bbox 307 3030 1376 3105; baseline 0.005 -18"><span class='ocrx_word' id='word_1_202' title='bbox 307 3030 585 3088; x_wconf 71' lang='lat' dir='ltr'>alacriores</span> <span class='ocrx_word' id='word_1_203' title='bbox 609 3040 803 3091; x_wconf 89' lang='lat' dir='ltr'>editam</span> <span class='ocrx_word' id='word_1_204' title='bbox 820 3042 929 3105; x_wconf 88' lang='lat' dir='ltr'>jam</span> <span class='ocrx_word' id='word_1_205' title='bbox 954 3041 1137 3090; x_wconf 67' lang='lat' dir='ltr'>caeteri</span> <span class='ocrx_word' id='word_1_206' title='bbox 1160 3050 1376 3092; x_wconf 89' lang='lat' dir='ltr'>contan-</span> 
     </span>
     <span class='ocr_line' id='line_1_35' title="bbox 305 3117 1374 3182; baseline 0.004 -17"><span class='ocrx_word' id='word_1_207' title='bbox 305 3117 413 3165; x_wconf 86' lang='lat' dir='ltr'>tius</span> <span class='ocrx_word' id='word_1_208' title='bbox 457 3117 847 3180; x_wconf 80' lang='lat' dir='ltr'>oppugnabant,</span> <span class='ocrx_word' id='word_1_209' title='bbox 892 3133 1048 3182; x_wconf 85' lang='lat' dir='ltr'>quum</span> <span class='ocrx_word' id='word_1_210' title='bbox 1087 3126 1374 3169; x_wconf 86' lang='lat' dir='ltr'>monstrata</span> 
     </span>
     <span class='ocr_line' id='line_1_36' title="bbox 306 3192 1373 3245; baseline 0.003 -3"><span class='ocrx_word' id='word_1_211' title='bbox 306 3192 375 3242; x_wconf 84' lang='lat' dir='ltr'>ad</span> <span class='ocrx_word' id='word_1_212' title='bbox 410 3193 666 3242; x_wconf 87' lang='lat' dir='ltr'>excidium</span> <span class='ocrx_word' id='word_1_213' title='bbox 704 3195 961 3245; x_wconf 75' lang='lat' dir='ltr'>Cremona</span> <span class='ocrx_word' id='word_1_214' title='bbox 995 3196 1141 3245; x_wconf 82' lang='lat' dir='ltr'>novis</span> <span class='ocrx_word' id='word_1_215' title='bbox 1174 3196 1373 3245; x_wconf 82' lang='lat' dir='ltr'>viribus</span> 
     </span>
     <span class='ocr_line' id='line_1_37' title="bbox 304 3271 1373 3335; baseline 0.005 -18"><span class='ocrx_word' id='word_1_216' title='bbox 304 3284 441 3319; x_wconf 88' lang='lat' dir='ltr'>novo</span> <span class='ocrx_word' id='word_1_217' title='bbox 466 3271 664 3334; x_wconf 85' lang='lat' dir='ltr'>impetu</span> <span class='ocrx_word' id='word_1_218' title='bbox 686 3271 812 3319; x_wconf 79' lang='lat' dir='ltr'>ferri</span> <span class='ocrx_word' id='word_1_219' title='bbox 837 3286 1061 3335; x_wconf 85' lang='lat' dir='ltr'>coepere.</span> <span class='ocrx_word' id='word_1_220' title='bbox 1115 3273 1373 3323; x_wconf 69' lang='lat' dir='ltr'>Mer-cerus.</span> 
     </span>
     <span class='ocr_line' id='line_1_38' title="bbox 305 3346 1376 3411; baseline 0.003 -17"><span class='ocrx_word' id='word_1_221' title='bbox 305 3346 462 3395; x_wconf 80' lang='lat' dir='ltr'>Hanc</span> <span class='ocrx_word' id='word_1_222' title='bbox 485 3347 884 3411; x_wconf 77' lang='lat' dir='ltr'>distinctionem,</span> <span class='ocrx_word' id='word_1_223' title='bbox 898 3354 1243 3411; x_wconf 69' lang='lat' dir='ltr'>prosternerent</span> <span class='ocrx_word' id='word_1_224' title='bbox 1259 3351 1376 3397; x_wconf 78' lang='lat' dir='ltr'>mul-</span> 
     </span>
    </p>

    <p class='ocr_par' dir='ltr' id='par_1_10' title="bbox 274 3425 1377 4417">
     <span class='ocr_line' id='line_1_39' title="bbox 274 3425 1376 3485; baseline 0.002 -15"><span class='ocrx_word' id='word_1_225' title='bbox 274 3429 357 3470; x_wconf 78' lang='lat' dir='ltr'>‘tu</span> <span class='ocrx_word' id='word_1_226' title='bbox 402 3438 507 3470; x_wconf 76' lang='lat' dir='ltr'>eum</span> <span class='ocrx_word' id='word_1_227' title='bbox 547 3429 726 3485; x_wconf 78' lang='lat' dir='ltr'>strage.</span> <span class='ocrx_word' id='word_1_228' title='bbox 808 3425 1068 3473; x_wconf 78' lang='lat' dir='ltr'>Incesserat</span> <span class='ocrx_word' id='word_1_229' title='bbox 1105 3427 1341 3474; x_wconf 81' lang='lat' dir='ltr'>cunctatio</span> <span class='ocrx_word' id='word_1_230' title='bbox 1357 3440 1376 3481; x_wconf 76' lang='lat'>,-</span> 
     </span>
     <span class='ocr_line' id='line_1_40' title="bbox 307 3500 1376 3565; baseline 0.001 -17"><span class='ocrx_word' id='word_1_231' title='bbox 307 3512 378 3548; x_wconf 78' lang='lat' dir='ltr'>ex</span> <span class='ocrx_word' id='word_1_232' title='bbox 403 3501 541 3549; x_wconf 87' lang='lat' dir='ltr'>Flor.</span> <span class='ocrx_word' id='word_1_233' title='bbox 567 3500 792 3549; x_wconf 81' lang='lat' dir='ltr'>restitui.</span> <span class='ocrx_word' id='word_1_234' title='bbox 860 3502 1002 3550; x_wconf 83' lang='lat' dir='ltr'>Male</span> <span class='ocrx_word' id='word_1_235' title='bbox 1046 3509 1234 3550; x_wconf 86' lang='lat' dir='ltr'>antea:</span> <span class='ocrx_word' id='word_1_236' title='bbox 1269 3517 1376 3565; x_wconf 86' lang='lat' dir='ltr'>pro·</span> 
     </span>
     <span class='ocr_line' id='line_1_41' title="bbox 301 3579 1374 3645; baseline 0.006 -20"><span class='ocrx_word' id='word_1_237' title='bbox 301 3584 584 3628; x_wconf 78' lang='lat' dir='ltr'>sternerent.</span> <span class='ocrx_word' id='word_1_238' title='bbox 656 3579 814 3628; x_wconf 73' lang='lat' dir='ltr'>Malta</span> <span class='ocrx_word' id='word_1_239' title='bbox 838 3596 938 3628; x_wconf 77' lang='lat' dir='ltr'>eam</span> <span class='ocrx_word' id='word_1_240' title='bbox 961 3586 1138 3643; x_wconf 84' lang='lat' dir='ltr'>strage,</span> <span class='ocrx_word' id='word_1_241' title='bbox 1171 3586 1251 3645; x_wconf 57' lang='grc' dir='ltr'>ξε.</span> <span class='ocrx_word' id='word_1_242' title='bbox 1287 3583 1374 3631; x_wconf 89' lang='lat' dir='ltr'>Pi-</span> 
     </span>
     <span class='ocr_line' id='line_1_42' title="bbox 303 3654 1377 3719; baseline 0.004 -16"><span class='ocrx_word' id='word_1_243' title='bbox 303 3654 489 3705; x_wconf 87' lang='lat' dir='ltr'>ehena.</span> <span class='ocrx_word' id='word_1_244' title='bbox 570 3657 800 3705; x_wconf 85' lang='lat' dir='ltr'>Flaviani</span> <span class='ocrx_word' id='word_1_245' title='bbox 863 3660 1077 3719; x_wconf 87' lang='lat' dir='ltr'>primum</span> <span class='ocrx_word' id='word_1_246' title='bbox 1134 3658 1377 3707; x_wconf 83' lang='lat' dir='ltr'>ardentes</span> 
     </span>
     <span class='ocr_line' id='line_1_43' title="bbox 304 3732 1374 3799; baseline 0.003 -19"><span class='ocrx_word' id='word_1_247' title='bbox 304 3732 444 3780; x_wconf 79' lang='lat' dir='ltr'>vallo</span> <span class='ocrx_word' id='word_1_248' title='bbox 480 3732 763 3793; x_wconf 82' lang='lat' dir='ltr'>instabant,</span> <span class='ocrx_word' id='word_1_249' title='bbox 792 3734 881 3780; x_wconf 80' lang='lat' dir='ltr'>sed</span> <span class='ocrx_word' id='word_1_250' title='bbox 919 3735 1088 3782; x_wconf 85' lang='lat' dir='ltr'>soluta</span> <span class='ocrx_word' id='word_1_251' title='bbox 1125 3748 1374 3799; x_wconf 80' lang='lat' dir='ltr'>compage</span> 
     </span>
     <span class='ocr_line' id='line_1_44' title="bbox 303 3810 1376 3874; baseline 0.005 -17"><span class='ocrx_word' id='word_1_252' title='bbox 303 3816 589 3869; x_wconf 83' lang='lat' dir='ltr'>scutorum,</span> <span class='ocrx_word' id='word_1_253' title='bbox 627 3810 922 3874; x_wconf 84' lang='lat' dir='ltr'>lanceisque</span> <span class='ocrx_word' id='word_1_254' title='bbox 963 3811 1213 3873; x_wconf 85' lang='lat' dir='ltr'>transfixi,</span> <span class='ocrx_word' id='word_1_255' title='bbox 1252 3828 1376 3862; x_wconf 86' lang='lat' dir='ltr'>non-</span> 
     </span>
     <span class='ocr_line' id='line_1_45' title="bbox 303 3885 1372 3953; baseline 0.004 -18"><span class='ocrx_word' id='word_1_256' title='bbox 303 3885 434 3935; x_wconf 74' lang='lat' dir='ltr'>nihil</span> <span class='ocrx_word' id='word_1_257' title='bbox 450 3886 515 3934; x_wconf 85' lang='lat' dir='ltr'>de</span> <span class='ocrx_word' id='word_1_258' title='bbox 537 3888 803 3935; x_wconf 78' lang='lat' dir='ltr'>alacritate</span> <span class='ocrx_word' id='word_1_259' title='bbox 821 3888 1129 3937; x_wconf 84' lang='lat' dir='ltr'>remiserunt</span> <span class='ocrx_word' id='word_1_260' title='bbox 1150 3906 1164 3938; x_wconf 76' lang='lat' dir='ltr'><strong><em>z</em></strong></span> <span class='ocrx_word' id='word_1_261' title='bbox 1199 3906 1372 3953; x_wconf 84' lang='lat' dir='ltr'>quam·</span> 
     </span>
     <span class='ocr_line' id='line_1_46' title="bbox 304 3962 1374 4026; baseline 0.005 -14"><span class='ocrx_word' id='word_1_262' title='bbox 304 3963 485 4012; x_wconf 88' lang='lat' dir='ltr'>obrem</span> <span class='ocrx_word' id='word_1_263' title='bbox 509 3962 632 4012; x_wconf 81' lang='lat' dir='ltr'>hinc</span> <span class='ocrx_word' id='word_1_264' title='bbox 661 3963 1006 4026; x_wconf 82' lang='lat' dir='ltr'>ablegandum</span> <span class='ocrx_word' id='word_1_265' title='bbox 1039 3973 1118 4014; x_wconf 87' lang='lat' dir='ltr'>est</span> <span class='ocrx_word' id='word_1_266' title='bbox 1144 3968 1374 4017; x_wconf 77' lang='lat' dir='ltr'>tentatio:</span> 
     </span>
     <span class='ocr_line' id='line_1_47' title="bbox 302 4039 1373 4111; baseline 0.006 -22"><span class='ocrx_word' id='word_1_267' title='bbox 302 4055 425 4089; x_wconf 81' lang='lat' dir='ltr'>nam</span> <span class='ocrx_word' id='word_1_268' title='bbox 464 4039 552 4104; x_wconf 87' lang='lat' dir='ltr'>(ut</span> <span class='ocrx_word' id='word_1_269' title='bbox 591 4042 832 4103; x_wconf 86' lang='lat' dir='ltr'>apposite</span> <span class='ocrx_word' id='word_1_270' title='bbox 874 4042 1081 4105; x_wconf 88' lang='lat' dir='ltr'>scripsit</span> <span class='ocrx_word' id='word_1_271' title='bbox 1116 4046 1373 4111; x_wconf 77' lang='lat' dir='ltr'>Pieliena)</span> 
     </span>
     <span class='ocr_line' id='line_1_48' title="bbox 301 4117 1371 4180; baseline 0.006 -14"><span class='ocrx_word' id='word_1_272' title='bbox 301 4117 451 4180; x_wconf 82' lang='lat' dir='ltr'>signa</span> <span class='ocrx_word' id='word_1_273' title='bbox 473 4118 818 4166; x_wconf 81' lang='lat' dir='ltr'>cunctationis</span> <span class='ocrx_word' id='word_1_274' title='bbox 850 4119 958 4168; x_wconf 73' lang='lat' dir='ltr'>liaec</span> <span class='ocrx_word' id='word_1_275' title='bbox 985 4127 1130 4169; x_wconf 84' lang='lat' dir='ltr'>sunt:</span> <span class='ocrx_word' id='word_1_276' title='bbox 1162 4124 1175 4150; x_wconf 91' lang='lat'>‘</span> <span class='ocrx_word' id='word_1_277' title='bbox 1204 4123 1256 4170; x_wconf 89' lang='lat' dir='ltr'>in</span> <span class='ocrx_word' id='word_1_278' title='bbox 1280 4125 1371 4172; x_wconf 88' lang='lat' dir='ltr'>du-</span> 
     </span>
     <span class='ocr_line' id='line_1_49' title="bbox 303 4195 1371 4259; baseline 0.005 -15"><span class='ocrx_word' id='word_1_279' title='bbox 303 4210 394 4245; x_wconf 87' lang='lat' dir='ltr'>ces</span> <span class='ocrx_word' id='word_1_280' title='bbox 413 4195 555 4245; x_wconf 81' lang='lat' dir='ltr'>fesso</span> <span class='ocrx_word' id='word_1_281' title='bbox 585 4195 698 4259; x_wconf 82' lang='lat' dir='ltr'>jam</span> <span class='ocrx_word' id='word_1_282' title='bbox 722 4197 891 4256; x_wconf 89' lang='lat' dir='ltr'>militi,</span> <span class='ocrx_word' id='word_1_283' title='bbox 927 4204 983 4246; x_wconf 90' lang='lat' dir='ltr'>et</span> <span class='ocrx_word' id='word_1_284' title='bbox 1020 4199 1161 4247; x_wconf 88' lang='lat' dir='ltr'>velut</span> <span class='ocrx_word' id='word_1_285' title='bbox 1197 4200 1371 4249; x_wconf 85' lang='lat' dir='ltr'>irritas</span> 
     </span>
     <span class='ocr_line' id='line_1_50' title="bbox 304 4273 1373 4327; baseline 0.006 -6"><span class='ocrx_word' id='word_1_286' title='bbox 304 4274 695 4324; x_wconf 73' lang='lat' dir='ltr'>exhortationes</span> <span class='ocrx_word' id='word_1_287' title='bbox 742 4273 1024 4324; x_wconf 71' lang='lat' dir='ltr'>abnuenti!</span> <span class='ocrx_word' id='word_1_288' title='bbox 1112 4278 1182 4325; x_wconf 89' lang='lat' dir='ltr'>Et</span> <span class='ocrx_word' id='word_1_289' title='bbox 1221 4281 1235 4305; x_wconf 89' lang='lat'>‘</span> <span class='ocrx_word' id='word_1_290' title='bbox 1272 4294 1373 4327; x_wconf 91' lang='lat' dir='ltr'>non</span> 
     </span>
     <span class='ocr_line' id='line_1_51' title="bbox 294 4344 1374 4417; baseline 0.002 -15"><span class='ocrx_word' id='word_1_291' title='bbox 294 4352 414 4416; x_wconf 77' lang='lat' dir='ltr'>jam</span> <span class='ocrx_word' id='word_1_292' title='bbox 428 4344 657 4416; x_wconf 81' lang='lat' dir='ltr'>sanguis,</span> <span class='ocrx_word' id='word_1_293' title='bbox 679 4352 847 4417; x_wconf 82' lang='lat' dir='ltr'>neque</span> <span class='ocrx_word' id='word_1_294' title='bbox 873 4353 1084 4402; x_wconf 83' lang='lat' dir='ltr'>vulnera</span> <span class='ocrx_word' id='word_1_295' title='bbox 1107 4354 1374 4404; x_wconf 85' lang='lat' dir='ltr'>moraban-</span> 
     </span>
    </p>
   </div>
   <div class='ocr_carea' id='block_1_7' title="bbox 1439 879 2585 4411">
    <p class='ocr_par' dir='ltr' id='par_1_11' title="bbox 1443 879 2528 2098">
     <span class='ocr_line' id='line_1_52' title="bbox 1455 879 2520 952; baseline 0.014 -27"><span class='ocrx_word' id='word_1_296' title='bbox 1455 879 1539 926; x_wconf 87' lang='lat' dir='ltr'>vel</span> <span class='ocrx_word' id='word_1_297' title='bbox 1574 883 1775 945; x_wconf 74' lang='lat' dir='ltr'>contari,</span> <span class='ocrx_word' id='word_1_298' title='bbox 1824 899 1917 946; x_wconf 85' lang='lat' dir='ltr'>pro</span> <span class='ocrx_word' id='word_1_299' title='bbox 1957 889 2196 937; x_wconf 86' lang='lat' dir='ltr'>scrutari.</span> <span class='ocrx_word' id='word_1_300' title='bbox 2280 890 2520 952; x_wconf 79' lang='lat' dir='ltr'>Respicit</span> 
     </span>
     <span class='ocr_line' id='line_1_53' title="bbox 1455 956 2528 1031; baseline 0.015 -29"><span class='ocrx_word' id='word_1_301' title='bbox 1455 956 1592 1005; x_wconf 90' lang='lat' dir='ltr'>enim</span> <span class='ocrx_word' id='word_1_302' title='bbox 1614 957 1679 1006; x_wconf 89' lang='lat' dir='ltr'>ad</span> <span class='ocrx_word' id='word_1_303' title='bbox 1719 974 1783 1008; x_wconf 85' lang='lat' dir='ltr'>ea</span> <span class='ocrx_word' id='word_1_304' title='bbox 1814 962 1968 1011; x_wconf 83' lang='lat' dir='ltr'>verba</span> <span class='ocrx_word' id='word_1_305' title='bbox 1991 964 2223 1027; x_wconf 82' lang='lat' dir='ltr'>Tacitus,</span> <span class='ocrx_word' id='word_1_306' title='bbox 2259 982 2372 1031; x_wconf 81' lang='lat' dir='ltr'>quae</span> <span class='ocrx_word' id='word_1_307' title='bbox 2403 967 2528 1030; x_wconf 85' lang='lat' dir='ltr'>jam·</span> 
     </span>
     <span class='ocr_line' id='line_1_54' title="bbox 1443 1031 2519 1105; baseline 0.012 -25"><span class='ocrx_word' id='word_1_308' title='bbox 1443 1031 1554 1094; x_wconf 74' lang='lat' dir='ltr'>jam</span> <span class='ocrx_word' id='word_1_309' title='bbox 1578 1036 1927 1096; x_wconf 68' lang='lat' dir='ltr'>praemiserat:</span> <span class='ocrx_word' id='word_1_310' title='bbox 1962 1040 1977 1067; x_wconf 92' lang='lat'>‘</span> <span class='ocrx_word' id='word_1_311' title='bbox 2003 1041 2288 1105; x_wconf 80' lang='lat' dir='ltr'>Disjectam</span> <span class='ocrx_word' id='word_1_312' title='bbox 2314 1041 2519 1093; x_wconf 81' lang='lat' dir='ltr'>fluitan-</span> 
     </span>
     <span class='ocr_line' id='line_1_55' title="bbox 1458 1114 2520 1184; baseline 0.011 -27"><span class='ocrx_word' id='word_1_313' title='bbox 1458 1116 1665 1175; x_wconf 84' lang='lat' dir='ltr'>temque</span> <span class='ocrx_word' id='word_1_314' title='bbox 1691 1114 2003 1164; x_wconf 81' lang='lat' dir='ltr'>testudinem</span> <span class='ocrx_word' id='word_1_315' title='bbox 2029 1118 2220 1166; x_wconf 86' lang='lat' dir='ltr'>lanceis</span> <span class='ocrx_word' id='word_1_316' title='bbox 2246 1121 2520 1184; x_wconf 83' lang='lat' dir='ltr'>contisque</span> 
     </span>
     <span class='ocr_line' id='line_1_56' title="bbox 1454 1191 2520 1258; baseline 0.011 -24"><span class='ocrx_word' id='word_1_317' title='bbox 1454 1191 1785 1253; x_wconf 68' lang='lat' dir='ltr'>scrutantur.{</span> <span class='ocrx_word' id='word_1_318' title='bbox 1848 1193 2070 1256; x_wconf 83' lang='lat' dir='ltr'>Proprie</span> <span class='ocrx_word' id='word_1_319' title='bbox 2109 1209 2234 1258; x_wconf 87' lang='lat' dir='ltr'>ergo</span> <span class='ocrx_word' id='word_1_320' title='bbox 2274 1197 2356 1245; x_wconf 89' lang='lat' dir='ltr'>hic</span> <span class='ocrx_word' id='word_1_321' title='bbox 2398 1210 2520 1246; x_wconf 84' lang='lat' dir='ltr'>usus</span> 
     </span>
     <span class='ocr_line' id='line_1_57' title="bbox 1454 1270 2521 1337; baseline 0.012 -27"><span class='ocrx_word' id='word_1_322' title='bbox 1454 1276 1519 1311; x_wconf 88' lang='lat' dir='ltr'>ea</span> <span class='ocrx_word' id='word_1_323' title='bbox 1539 1278 1700 1314; x_wconf 88' lang='lat' dir='ltr'>voce:</span> <span class='ocrx_word' id='word_1_324' title='bbox 1738 1274 1794 1317; x_wconf 91' lang='lat' dir='ltr'>et</span> <span class='ocrx_word' id='word_1_325' title='bbox 1818 1270 1978 1333; x_wconf 84' lang='lat' dir='ltr'>magis</span> <span class='ocrx_word' id='word_1_326' title='bbox 2015 1273 2243 1336; x_wconf 86' lang='lat' dir='ltr'>proprie,</span> <span class='ocrx_word' id='word_1_327' title='bbox 2276 1288 2427 1337; x_wconf 83' lang='lat' dir='ltr'>quam</span> <span class='ocrx_word' id='word_1_328' title='bbox 2452 1273 2521 1322; x_wconf 81' lang='lat' dir='ltr'>ad</span> 
     </span>
     <span class='ocr_line' id='line_1_58' title="bbox 1453 1337 2521 1405; baseline 0.012 -19"><span class='ocrx_word' id='word_1_329' title='bbox 1453 1337 1607 1388; x_wconf 89' lang='lat' dir='ltr'>finem</span> <span class='ocrx_word' id='word_1_330' title='bbox 1629 1342 1716 1393; x_wconf 87' lang='lat' dir='ltr'>lib.</span> <span class='ocrx_word' id='word_1_331' title='bbox 1743 1357 1817 1393; x_wconf 77' lang='lat' dir='ltr'>tv.</span> <span class='ocrx_word' id='word_1_332' title='bbox 1884 1347 1898 1372; x_wconf 90' lang='lat'><em>‘</em></span> <span class='ocrx_word' id='word_1_333' title='bbox 1923 1347 2039 1405; x_wconf 80' lang='lat' dir='ltr'>Qua</span> <span class='ocrx_word' id='word_1_334' title='bbox 2078 1351 2373 1400; x_wconf 87' lang='lat' dir='ltr'>contatione</span> <span class='ocrx_word' id='word_1_335' title='bbox 2416 1350 2521 1399; x_wconf 90' lang='lat' dir='ltr'>bel-</span> 
     </span>
     <span class='ocr_line' id='line_1_59' title="bbox 1455 1415 2519 1488; baseline 0.011 -25"><span class='ocrx_word' id='word_1_336' title='bbox 1455 1415 1560 1465; x_wconf 88' lang='lat' dir='ltr'>lum</span> <span class='ocrx_word' id='word_1_337' title='bbox 1584 1418 1829 1469; x_wconf 78' lang='lat' dir='ltr'>adversus</span> <span class='ocrx_word' id='word_1_338' title='bbox 1866 1429 2068 1485; x_wconf 88' lang='lat' dir='ltr'>patrem</span> <span class='ocrx_word' id='word_1_339' title='bbox 2091 1425 2424 1488; x_wconf 84' lang='lat' dir='ltr'>cogitaverit,</span> <span class='ocrx_word' id='word_1_340' title='bbox 2453 1440 2519 1475; x_wconf 87' lang='lat' dir='ltr'>an</span> 
     </span>
     <span class='ocr_line' id='line_1_60' title="bbox 1455 1496 2519 1565; baseline 0.009 -25"><span class='ocrx_word' id='word_1_341' title='bbox 1455 1507 1581 1555; x_wconf 88' lang='lat' dir='ltr'>opes</span> <span class='ocrx_word' id='word_1_342' title='bbox 1619 1496 1859 1561; x_wconf 88' lang='lat' dir='ltr'>viresque</span> <span class='ocrx_word' id='word_1_343' title='bbox 1900 1500 2146 1549; x_wconf 87' lang='lat' dir='ltr'>adversus</span> <span class='ocrx_word' id='word_1_344' title='bbox 2192 1500 2428 1565; x_wconf 85' lang='lat' dir='ltr'>fratrem,</span> <span class='ocrx_word' id='word_1_345' title='bbox 2466 1502 2519 1550; x_wconf 85' lang='lat' dir='ltr'>in</span> 
     </span>
     <span class='ocr_line' id='line_1_61' title="bbox 1454 1569 2519 1641; baseline 0.01 -25"><span class='ocrx_word' id='word_1_346' title='bbox 1454 1569 1654 1620; x_wconf 76' lang='lat' dir='ltr'>incerto</span> <span class='ocrx_word' id='word_1_347' title='bbox 1696 1572 1831 1624; x_wconf 66' lang='lat' dir='ltr'>fuit!</span> <span class='ocrx_word' id='word_1_348' title='bbox 1916 1577 2000 1625; x_wconf 81' lang='lat' dir='ltr'>Sic</span> <span class='ocrx_word' id='word_1_349' title='bbox 2045 1577 2180 1625; x_wconf 89' lang='lat' dir='ltr'>enim</span> <span class='ocrx_word' id='word_1_350' title='bbox 2225 1578 2401 1641; x_wconf 87' lang='lat' dir='ltr'>Lipsio</span> <span class='ocrx_word' id='word_1_351' title='bbox 2444 1579 2519 1628; x_wconf 91' lang='lat' dir='ltr'>ibi</span> 
     </span>
     <span class='ocr_line' id='line_1_62' title="bbox 1455 1647 2520 1719; baseline 0.01 -23"><span class='ocrx_word' id='word_1_352' title='bbox 1455 1647 1704 1710; x_wconf 89' lang='lat' dir='ltr'>placitum</span> <span class='ocrx_word' id='word_1_353' title='bbox 1729 1654 2002 1703; x_wconf 84' lang='lat' dir='ltr'>emendare</span> <span class='ocrx_word' id='word_1_354' title='bbox 2026 1671 2122 1719; x_wconf 90' lang='lat' dir='ltr'>pro</span> <span class='ocrx_word' id='word_1_355' title='bbox 2138 1657 2442 1719; x_wconf 76' lang='lat' dir='ltr'>cogitatione,</span> <span class='ocrx_word' id='word_1_356' title='bbox 2464 1666 2520 1708; x_wconf 87' lang='lat' dir='ltr'>et</span> 
     </span>
     <span class='ocr_line' id='line_1_63' title="bbox 1454 1731 2519 1798; baseline 0.008 -24"><span class='ocrx_word' id='word_1_357' title='bbox 1454 1741 1483 1774; x_wconf 77' lang='lat' dir='ltr'>a</span> <span class='ocrx_word' id='word_1_358' title='bbox 1505 1733 1641 1777; x_wconf 80' lang='lat' dir='ltr'>conto</span> <span class='ocrx_word' id='word_1_359' title='bbox 1679 1731 1935 1792; x_wconf 87' lang='lat' dir='ltr'>derivare,</span> <span class='ocrx_word' id='word_1_360' title='bbox 1973 1739 2217 1798; x_wconf 87' lang='lat' dir='ltr'>tanquam</span> <span class='ocrx_word' id='word_1_361' title='bbox 2255 1734 2519 1798; x_wconf 87' lang='lat' dir='ltr'>propriam</span> 
     </span>
     <span class='ocr_line' id='line_1_64' title="bbox 1453 1803 2520 1875; baseline 0.008 -24"><span class='ocrx_word' id='word_1_362' title='bbox 1453 1803 1566 1866; x_wconf 88' lang='lat' dir='ltr'>ejus</span> <span class='ocrx_word' id='word_1_363' title='bbox 1580 1806 1683 1853; x_wconf 80' lang='lat' dir='ltr'>vim</span> <span class='ocrx_word' id='word_1_364' title='bbox 1699 1815 1879 1858; x_wconf 87' lang='lat' dir='ltr'>auctor</span> <span class='ocrx_word' id='word_1_365' title='bbox 1903 1810 2220 1873; x_wconf 80' lang='lat' dir='ltr'>expresserit</span> <span class='ocrx_word' id='word_1_366' title='bbox 2240 1827 2251 1860; x_wconf 73' lang='grc' dir='ltr'><strong><em>ε</em></strong></span> <span class='ocrx_word' id='word_1_367' title='bbox 2290 1811 2425 1875; x_wconf 85' lang='lat' dir='ltr'>quod</span> <span class='ocrx_word' id='word_1_368' title='bbox 2442 1825 2520 1860; x_wconf 87' lang='lat' dir='ltr'>se-</span> 
     </span>
     <span class='ocr_line' id='line_1_65' title="bbox 1453 1887 2520 1951; baseline 0.007 -21"><span class='ocrx_word' id='word_1_369' title='bbox 1453 1895 1542 1930; x_wconf 85' lang='lat' dir='ltr'>cus</span> <span class='ocrx_word' id='word_1_370' title='bbox 1566 1889 1861 1934; x_wconf 87' lang='lat' dir='ltr'>esttamen.</span> <span class='ocrx_word' id='word_1_371' title='bbox 1931 1887 2180 1951; x_wconf 85' lang='lat' dir='ltr'>Respexit</span> <span class='ocrx_word' id='word_1_372' title='bbox 2220 1888 2290 1937; x_wconf 85' lang='lat' dir='ltr'>ibi</span> <span class='ocrx_word' id='word_1_373' title='bbox 2333 1890 2520 1938; x_wconf 87' lang='lat' dir='ltr'>saltem</span> 
     </span>
     <span class='ocr_line' id='line_1_66' title="bbox 1453 1960 2518 2022; baseline 0.01 -17"><span class='ocrx_word' id='word_1_374' title='bbox 1453 1960 1767 2022; x_wconf 56' lang='lat' dir='ltr'>metaphoras</span> <span class='ocrx_word' id='word_1_375' title='bbox 1806 1965 2211 2016; x_wconf 87' lang='lat' dir='ltr'>consuetudine:</span> <span class='ocrx_word' id='word_1_376' title='bbox 2267 1965 2350 2016; x_wconf 84' lang='lat' dir='ltr'>bic</span> <span class='ocrx_word' id='word_1_377' title='bbox 2397 1980 2518 2016; x_wconf 85' lang='lat' dir='ltr'>vere</span> 
     </span>
     <span class='ocr_line' id='line_1_67' title="bbox 1454 2038 1952 2098; baseline 0.014 -16"><span class='ocrx_word' id='word_1_378' title='bbox 1454 2038 1731 2098; x_wconf 83' lang='lat' dir='ltr'>expressit.</span> <span class='ocrx_word' id='word_1_379' title='bbox 1764 2041 1952 2089; x_wconf 79' lang='lat' dir='ltr'>Acidal.</span> 
     </span>
    </p>

    <p class='ocr_par' dir='ltr' id='par_1_12' title="bbox 1449 2114 2585 2566">
     <span class='ocr_line' id='line_1_68' title="bbox 1523 2114 2519 2184; baseline 0.01 -23"><span class='ocrx_word' id='word_1_380' title='bbox 1523 2114 1750 2169; x_wconf 81' lang='lat' dir='ltr'>Quamvis</span> <span class='ocrx_word' id='word_1_381' title='bbox 1782 2118 1984 2179; x_wconf 82' lang='lat' dir='ltr'>pessimo</span> <span class='ocrx_word' id='word_1_382' title='bbox 2012 2119 2236 2184; x_wconf 79' lang='lat' dir='ltr'>flagitio]</span> <span class='ocrx_word' id='word_1_383' title='bbox 2291 2120 2428 2171; x_wconf 77' lang='lat' dir='ltr'>Quid</span> <span class='ocrx_word' id='word_1_384' title='bbox 2474 2121 2519 2171; x_wconf 90' lang='lat' dir='ltr'>si</span> 
     </span>
     <span class='ocr_line' id='line_1_69' title="bbox 1452 2188 2585 2263; baseline 0.011 -27"><span class='ocrx_word' id='word_1_385' title='bbox 1452 2188 1614 2251; x_wconf 84' lang='lat' dir='ltr'>legas,</span> <span class='ocrx_word' id='word_1_386' title='bbox 1636 2192 1800 2253; x_wconf 77' lang='lat' dir='ltr'>quovis</span> <span class='ocrx_word' id='word_1_387' title='bbox 1815 2208 1937 2256; x_wconf 81' lang='lat' dir='ltr'>pess.</span> <span class='ocrx_word' id='word_1_388' title='bbox 1948 2194 2011 2256; x_wconf 71' lang='lat' dir='ltr'>fl.</span> <span class='ocrx_word' id='word_1_389' title='bbox 2050 2196 2348 2245; x_wconf 79' lang='lat' dir='ltr'>Rhenanus,</span> <span class='ocrx_word' id='word_1_390' title='bbox 2578 2258 2585 2263; x_wconf 71' lang='lat'><em>,</em></span> 
     </span>
     <span class='ocr_line' id='line_1_70' title="bbox 1520 2265 2517 2337; baseline 0.01 -24"><span class='ocrx_word' id='word_1_391' title='bbox 1520 2265 1651 2316; x_wconf 72' lang='lat' dir='ltr'>Cu».</span> <span class='ocrx_word' id='word_1_392' title='bbox 1675 2272 1756 2317; x_wconf 82' lang='lat'>29.</span> <span class='ocrx_word' id='word_1_393' title='bbox 1791 2270 2031 2320; x_wconf 80' lang='lat' dir='ltr'>Balistam</span> <span class='ocrx_word' id='word_1_394' title='bbox 2064 2273 2114 2320; x_wconf 81' lang='lat' dir='ltr'>in</span> <span class='ocrx_word' id='word_1_395' title='bbox 2145 2273 2393 2322; x_wconf 77' lang='lat' dir='ltr'>subeuntes</span> <span class='ocrx_word' id='word_1_396' title='bbox 2409 2289 2517 2337; x_wconf 84' lang='lat' dir='ltr'>pro-</span> 
     </span>
     <span class='ocr_line' id='line_1_71' title="bbox 1449 2343 2521 2405; baseline 0.012 -17"><span class='ocrx_word' id='word_1_397' title='bbox 1449 2343 1630 2405; x_wconf 74' lang='lat' dir='ltr'>pulere]</span> <span class='ocrx_word' id='word_1_398' title='bbox 1679 2346 1786 2393; x_wconf 87' lang='lat' dir='ltr'>Pro</span> <span class='ocrx_word' id='word_1_399' title='bbox 1829 2363 1951 2397; x_wconf 88' lang='lat' dir='ltr'>voce</span> <span class='ocrx_word' id='word_1_400' title='bbox 1993 2350 2211 2399; x_wconf 79' lang='lat' dir='ltr'>balistam</span> <span class='ocrx_word' id='word_1_401' title='bbox 2249 2351 2521 2401; x_wconf 83' lang='lat' dir='ltr'>substituit</span> 
     </span>
     <span class='ocr_line' id='line_1_72' title="bbox 1452 2419 2516 2489; baseline 0.009 -22"><span class='ocrx_word' id='word_1_402' title='bbox 1452 2419 1650 2470; x_wconf 88' lang='lat' dir='ltr'>Muret.</span> <span class='ocrx_word' id='word_1_403' title='bbox 1677 2425 1838 2472; x_wconf 79' lang='lat' dir='ltr'>molem</span> <span class='ocrx_word' id='word_1_404' title='bbox 1859 2442 1880 2483; x_wconf 89' lang='lat'><em>;</em></span> <span class='ocrx_word' id='word_1_405' title='bbox 1912 2426 2112 2489; x_wconf 88' lang='lat' dir='ltr'>opinor,</span> <span class='ocrx_word' id='word_1_406' title='bbox 2151 2442 2180 2476; x_wconf 90' lang='lat' dir='ltr'>e</span> <span class='ocrx_word' id='word_1_407' title='bbox 2215 2427 2385 2476; x_wconf 84' lang='lat' dir='ltr'>libro:</span> <span class='ocrx_word' id='word_1_408' title='bbox 2424 2428 2516 2477; x_wconf 87' lang='lat' dir='ltr'>sed</span> 
     </span>
     <span class='ocr_line' id='line_1_73' title="bbox 1452 2500 2517 2566; baseline 0.008 -23"><span class='ocrx_word' id='word_1_409' title='bbox 1452 2508 1544 2544; x_wconf 85' lang='lat' dir='ltr'>nos</span> <span class='ocrx_word' id='word_1_410' title='bbox 1567 2511 1671 2546; x_wconf 90' lang='lat' dir='ltr'>non</span> <span class='ocrx_word' id='word_1_411' title='bbox 1713 2500 1988 2562; x_wconf 81' lang='lat' dir='ltr'>recipimus</span> <span class='ocrx_word' id='word_1_412' title='bbox 2028 2510 2272 2566; x_wconf 82' lang='lat' dir='ltr'>tanquam</span> <span class='ocrx_word' id='word_1_413' title='bbox 2298 2504 2517 2566; x_wconf 81' lang='lat' dir='ltr'>glossam</span> 
     </span>
    </p>

    <p class='ocr_par' dir='ltr' id='par_1_13' title="bbox 1451 2571 2386 2639">
     <span class='ocr_line' id='line_1_74' title="bbox 1451 2571 2386 2639; baseline 0.007 -19"><span class='ocrx_word' id='word_1_414' title='bbox 1451 2571 1582 2635; x_wconf 78' lang='lat' dir='ltr'>ejuS,</span> <span class='ocrx_word' id='word_1_415' title='bbox 1607 2589 1723 2638; x_wconf 74' lang='lat' dir='ltr'>quae</span> <span class='ocrx_word' id='word_1_416' title='bbox 1744 2576 1897 2639; x_wconf 87' lang='lat' dir='ltr'>vulgo</span> <span class='ocrx_word' id='word_1_417' title='bbox 1920 2578 2160 2627; x_wconf 90' lang='lat' dir='ltr'>obtinuit.</span> <span class='ocrx_word' id='word_1_418' title='bbox 2196 2578 2386 2628; x_wconf 79' lang='lat' dir='ltr'>Acidal.</span> 
     </span>
    </p>

    <p class='ocr_par' dir='ltr' id='par_1_14' title="bbox 1447 2649 2520 3088">
     <span class='ocr_line' id='line_1_75' title="bbox 1516 2649 2519 2720; baseline 0.006 -23"><span class='ocrx_word' id='word_1_419' title='bbox 1516 2649 1806 2717; x_wconf 72' lang='lat' dir='ltr'>Deturbatis</span> <span class='ocrx_word' id='word_1_420' title='bbox 1837 2653 1917 2715; x_wconf 78' lang='lat' dir='ltr'>qui</span> <span class='ocrx_word' id='word_1_421' title='bbox 1954 2654 2252 2719; x_wconf 74' lang='lat' dir='ltr'>restiterant]</span> <span class='ocrx_word' id='word_1_422' title='bbox 2308 2655 2519 2720; x_wconf 87' lang='lat' dir='ltr'>Scripsi,</span> 
     </span>
     <span class='ocr_line' id='line_1_76' title="bbox 1450 2726 2520 2794; baseline 0.007 -21"><span class='ocrx_word' id='word_1_423' title='bbox 1450 2726 1533 2788; x_wconf 70' lang='lat' dir='ltr'>qui</span> <span class='ocrx_word' id='word_1_424' title='bbox 1573 2727 1858 2778; x_wconf 67' lang='lat' dir='ltr'>resisterent.</span> <span class='ocrx_word' id='word_1_425' title='bbox 1905 2730 2200 2779; x_wconf 85' lang='lat' dir='ltr'>Bhenanus.</span> <span class='ocrx_word' id='word_1_426' title='bbox 2267 2732 2520 2794; x_wconf 82' lang='lat' dir='ltr'>Venetus,</span> 
     </span>
     <span class='ocr_line' id='line_1_77' title="bbox 1447 2803 2515 2873; baseline 0.007 -22"><span class='ocrx_word' id='word_1_427' title='bbox 1447 2803 1745 2865; x_wconf 76' lang='lat' dir='ltr'>restiterant,</span> <span class='ocrx_word' id='word_1_428' title='bbox 1769 2811 1821 2853; x_wconf 87' lang='lat' dir='ltr'>et</span> <span class='ocrx_word' id='word_1_429' title='bbox 1842 2805 1956 2855; x_wconf 85' lang='lat' dir='ltr'>fere</span> <span class='ocrx_word' id='word_1_430' title='bbox 1981 2809 2240 2857; x_wconf 83' lang='lat' dir='ltr'>consentit</span> <span class='ocrx_word' id='word_1_431' title='bbox 2264 2808 2401 2858; x_wconf 86' lang='lat' dir='ltr'>Flor.</span> <span class='ocrx_word' id='word_1_432' title='bbox 2426 2809 2515 2873; x_wconf 84' lang='lat' dir='ltr'>qui</span> 
     </span>
     <span class='ocr_line' id='line_1_78' title="bbox 1450 2879 2514 2949; baseline 0.008 -22"><span class='ocrx_word' id='word_1_433' title='bbox 1450 2879 1629 2943; x_wconf 87' lang='lat' dir='ltr'>habet,</span> <span class='ocrx_word' id='word_1_434' title='bbox 1666 2883 1959 2933; x_wconf 78' lang='lat' dir='ltr'>resisterunt.</span> <span class='ocrx_word' id='word_1_435' title='bbox 1994 2885 2184 2949; x_wconf 84' lang='lat' dir='ltr'>Vulgo,</span> <span class='ocrx_word' id='word_1_436' title='bbox 2220 2887 2514 2936; x_wconf 76' lang='lat' dir='ltr'>resisterent.</span> 
     </span>
     <span class='ocr_line' id='line_1_79' title="bbox 1450 2955 2519 3027; baseline 0.009 -23"><span class='ocrx_word' id='word_1_437' title='bbox 1450 2955 1698 3008; x_wconf 81' lang='lat' dir='ltr'>Picbena.</span> <span class='ocrx_word' id='word_1_438' title='bbox 1767 2959 1962 3010; x_wconf 88' lang='lat' dir='ltr'>Muret.</span> <span class='ocrx_word' id='word_1_439' title='bbox 1983 2963 2279 3013; x_wconf 79' lang='lat' dir='ltr'>restiterant.</span> <span class='ocrx_word' id='word_1_440' title='bbox 2324 2965 2439 3027; x_wconf 84' lang='lat' dir='ltr'>Ego</span> <span class='ocrx_word' id='word_1_441' title='bbox 2461 2970 2519 3014; x_wconf 88' lang='lat' dir='ltr'>et</span> 
     </span>
     <span class='ocr_line' id='line_1_80' title="bbox 1449 3033 2043 3088; baseline 0.012 -7"><span class='ocrx_word' id='word_1_442' title='bbox 1449 3033 1671 3086; x_wconf 84' lang='lat' dir='ltr'>alterum</span> <span class='ocrx_word' id='word_1_443' title='bbox 1693 3035 1822 3087; x_wconf 84' lang='lat' dir='ltr'>fero.</span> <span class='ocrx_word' id='word_1_444' title='bbox 1854 3037 2043 3088; x_wconf 81' lang='lat' dir='ltr'>Acidal.</span> 
     </span>
    </p>

    <p class='ocr_par' dir='ltr' id='par_1_15' title="bbox 1448 3114 2521 3714">
     <span class='ocr_line' id='line_1_81' title="bbox 1519 3114 2517 3177; baseline 0.007 -17"><span class='ocrx_word' id='word_1_445' title='bbox 1519 3114 1789 3177; x_wconf 80' lang='lat' dir='ltr'>Completur</span> <span class='ocrx_word' id='word_1_446' title='bbox 1805 3114 1952 3177; x_wconf 82' lang='lat' dir='ltr'>coede]</span> <span class='ocrx_word' id='word_1_447' title='bbox 1984 3116 2113 3167; x_wconf 82' lang='lat' dir='ltr'>Quis</span> <span class='ocrx_word' id='word_1_448' title='bbox 2134 3130 2258 3167; x_wconf 76' lang='lat' dir='ltr'>vero</span> <span class='ocrx_word' id='word_1_449' title='bbox 2277 3132 2517 3167; x_wconf 83' lang='lat' dir='ltr'>numerus</span> 
     </span>
     <span class='ocr_line' id='line_1_82' title="bbox 1450 3190 2516 3254; baseline 0.008 -19"><span class='ocrx_word' id='word_1_450' title='bbox 1450 3201 1701 3237; x_wconf 82' lang='lat' dir='ltr'>caesorum</span> <span class='ocrx_word' id='word_1_451' title='bbox 1727 3190 1780 3237; x_wconf 92' lang='lat' dir='ltr'>in</span> <span class='ocrx_word' id='word_1_452' title='bbox 1816 3191 1894 3239; x_wconf 86' lang='lat' dir='ltr'>his</span> <span class='ocrx_word' id='word_1_453' title='bbox 1930 3192 2153 3254; x_wconf 83' lang='lat' dir='ltr'>praeliis?</span> <span class='ocrx_word' id='word_1_454' title='bbox 2185 3194 2377 3244; x_wconf 87' lang='lat' dir='ltr'>Tacuit</span> <span class='ocrx_word' id='word_1_455' title='bbox 2401 3208 2516 3243; x_wconf 83' lang='lat' dir='ltr'>nos·</span> 
     </span>
     <span class='ocr_line' id='line_1_83' title="bbox 1451 3268 2521 3332; baseline 0.007 -20"><span class='ocrx_word' id='word_1_456' title='bbox 1451 3271 1550 3323; x_wconf 87' lang='lat' dir='ltr'>ter,</span> <span class='ocrx_word' id='word_1_457' title='bbox 1573 3268 1828 3328; x_wconf 77' lang='lat' dir='ltr'>expressit</span> <span class='ocrx_word' id='word_1_458' title='bbox 1849 3270 2169 3332; x_wconf 84' lang='lat' dir='ltr'>Egesippus:</span> <span class='ocrx_word' id='word_1_459' title='bbox 2205 3271 2221 3300; x_wconf 88' lang='lat'>‘</span> <span class='ocrx_word' id='word_1_460' title='bbox 2243 3273 2521 3321; x_wconf 62' lang='lat' dir='ltr'>Exstincto</span> 
     </span>
     <span class='ocr_line' id='line_1_84' title="bbox 1451 3342 2517 3403; baseline 0.008 -16"><span class='ocrx_word' id='word_1_461' title='bbox 1451 3342 1669 3403; x_wconf 83' lang='lat' dir='ltr'>triginta</span> <span class='ocrx_word' id='word_1_462' title='bbox 1690 3344 1850 3393; x_wconf 86' lang='lat' dir='ltr'>millia</span> <span class='ocrx_word' id='word_1_463' title='bbox 1867 3351 1922 3392; x_wconf 88' lang='lat' dir='ltr'>et</span> <span class='ocrx_word' id='word_1_464' title='bbox 1945 3343 2156 3395; x_wconf 85' lang='lat' dir='ltr'>ducenti</span> <span class='ocrx_word' id='word_1_465' title='bbox 2173 3348 2270 3396; x_wconf 87' lang='lat' dir='ltr'>viri</span> <span class='ocrx_word' id='word_1_466' title='bbox 2284 3347 2350 3395; x_wconf 85' lang='lat' dir='ltr'>de</span> <span class='ocrx_word' id='word_1_467' title='bbox 2372 3362 2517 3396; x_wconf 84' lang='lat' dir='ltr'>exer-</span> 
     </span>
     <span class='ocr_line' id='line_1_85' title="bbox 1450 3417 2520 3487; baseline 0.004 -19"><span class='ocrx_word' id='word_1_468' title='bbox 1450 3417 1559 3468; x_wconf 87' lang='lat' dir='ltr'>citu</span> <span class='ocrx_word' id='word_1_469' title='bbox 1601 3418 1821 3467; x_wconf 86' lang='lat' dir='ltr'>Vitellii.</span> <span class='ocrx_word' id='word_1_470' title='bbox 1904 3421 2212 3486; x_wconf 84' lang='lat' dir='ltr'>Primusque</span> <span class='ocrx_word' id='word_1_471' title='bbox 2254 3421 2331 3487; x_wconf 88' lang='lat' dir='ltr'>(id</span> <span class='ocrx_word' id='word_1_472' title='bbox 2377 3422 2520 3472; x_wconf 82' lang='lat' dir='ltr'>enim</span> 
     </span>
     <span class='ocr_line' id='line_1_86' title="bbox 1452 3495 2519 3563; baseline 0.006 -21"><span class='ocrx_word' id='word_1_473' title='bbox 1452 3495 1677 3544; x_wconf 86' lang='lat' dir='ltr'>Antonio</span> <span class='ocrx_word' id='word_1_474' title='bbox 1698 3504 2097 3559; x_wconf 83' lang='lat' dir='ltr'>cognomentum</span> <span class='ocrx_word' id='word_1_475' title='bbox 2119 3497 2253 3563; x_wconf 87' lang='lat' dir='ltr'>erat)</span> <span class='ocrx_word' id='word_1_476' title='bbox 2270 3504 2519 3563; x_wconf 75' lang='lat' dir='ltr'>quattuor</span> 
     </span>
     <span class='ocr_line' id='line_1_87' title="bbox 1448 3572 2517 3640; baseline 0.006 -19"><span class='ocrx_word' id='word_1_477' title='bbox 1448 3573 1608 3622; x_wconf 88' lang='lat' dir='ltr'>millia</span> <span class='ocrx_word' id='word_1_478' title='bbox 1632 3575 1938 3639; x_wconf 86' lang='lat' dir='ltr'>quingentos</span> <span class='ocrx_word' id='word_1_479' title='bbox 1967 3574 2034 3624; x_wconf 86' lang='lat' dir='ltr'>de</span> <span class='ocrx_word' id='word_1_480' title='bbox 2054 3576 2307 3640; x_wconf 84' lang='lat' dir='ltr'>Mysiacis</span> <span class='ocrx_word' id='word_1_481' title='bbox 2340 3572 2517 3626; x_wconf 84' lang='lat' dir='ltr'>militi-</span> 
     </span>
     <span class='ocr_line' id='line_1_88' title="bbox 1449 3650 2026 3714; baseline 0.002 -14"><span class='ocrx_word' id='word_1_482' title='bbox 1449 3650 1545 3700; x_wconf 89' lang='lat' dir='ltr'>bus</span> <span class='ocrx_word' id='word_1_483' title='bbox 1570 3651 1782 3700; x_wconf 86' lang='lat' dir='ltr'>amisit.’</span> <span class='ocrx_word' id='word_1_484' title='bbox 1815 3650 2026 3714; x_wconf 76' lang='lat' dir='ltr'>Lipsius.</span> 
     </span>
    </p>

    <p class='ocr_par' dir='ltr' id='par_1_16' title="bbox 1439 3727 2516 4021">
     <span class='ocr_line' id='line_1_89' title="bbox 1516 3727 2516 3791; baseline 0.005 -16"><span class='ocrx_word' id='word_1_485' title='bbox 1516 3727 1654 3776; x_wconf 70' lang='grc' dir='ltr'>ΟΜ».</span> <span class='ocrx_word' id='word_1_486' title='bbox 1682 3732 1765 3777; x_wconf 78' lang='lat'>31.</span> <span class='ocrx_word' id='word_1_487' title='bbox 1800 3729 1862 3777; x_wconf 84' lang='lat' dir='ltr'>In</span> <span class='ocrx_word' id='word_1_488' title='bbox 1882 3729 2162 3779; x_wconf 78' lang='lat' dir='ltr'>testudinem</span> <span class='ocrx_word' id='word_1_489' title='bbox 2190 3730 2516 3791; x_wconf 80' lang='lat' dir='ltr'>glomeraban-</span> 
     </span>
     <span class='ocr_line' id='line_1_90' title="bbox 1448 3806 2515 3868; baseline 0.004 -14"><span class='ocrx_word' id='word_1_490' title='bbox 1448 3806 1551 3867; x_wconf 76' lang='lat' dir='ltr'>tur]</span> <span class='ocrx_word' id='word_1_491' title='bbox 1603 3806 1690 3868; x_wconf 79' lang='lat' dir='ltr'>Ita</span> <span class='ocrx_word' id='word_1_492' title='bbox 1723 3807 1920 3855; x_wconf 86' lang='lat' dir='ltr'>rectius</span> <span class='ocrx_word' id='word_1_493' title='bbox 1954 3807 2006 3854; x_wconf 88' lang='lat' dir='ltr'>in</span> <span class='ocrx_word' id='word_1_494' title='bbox 2031 3807 2171 3857; x_wconf 88' lang='lat' dir='ltr'>Flor.</span> <span class='ocrx_word' id='word_1_495' title='bbox 2195 3823 2311 3856; x_wconf 87' lang='lat' dir='ltr'>nam</span> <span class='ocrx_word' id='word_1_496' title='bbox 2336 3809 2515 3858; x_wconf 82' lang='lat' dir='ltr'>statim</span> 
     </span>
     <span class='ocr_line' id='line_1_91' title="bbox 1446 3883 2516 3949; baseline 0.003 -19"><span class='ocrx_word' id='word_1_497' title='bbox 1446 3883 1701 3948; x_wconf 87' lang='lat' dir='ltr'>sequitur,</span> <span class='ocrx_word' id='word_1_498' title='bbox 1735 3883 2057 3933; x_wconf 77' lang='lat' dir='ltr'>incutiebant.-</span> <span class='ocrx_word' id='word_1_499' title='bbox 2093 3891 2147 3932; x_wconf 88' lang='lat' dir='ltr'>at</span> <span class='ocrx_word' id='word_1_500' title='bbox 2186 3885 2238 3931; x_wconf 90' lang='lat' dir='ltr'>in</span> <span class='ocrx_word' id='word_1_501' title='bbox 2274 3885 2516 3949; x_wconf 81' lang='lat' dir='ltr'>vulgatis,</span> 
     </span>
     <span class='ocr_line' id='line_1_92' title="bbox 1439 3959 2059 4021; baseline 0 -13"><span class='ocrx_word' id='word_1_502' title='bbox 1439 3961 1785 4021; x_wconf 79' lang='lat' dir='ltr'>glomerantur.</span> <span class='ocrx_word' id='word_1_503' title='bbox 1815 3959 2059 4008; x_wconf 88' lang='lat' dir='ltr'>Picbena.</span> 
     </span>
    </p>

    <p class='ocr_par' dir='ltr' id='par_1_17' title="bbox 1445 4036 2557 4175">
     <span class='ocr_line' id='line_1_93' title="bbox 1516 4036 2514 4105; baseline 0.004 -22"><span class='ocrx_word' id='word_1_504' title='bbox 1516 4037 1635 4084; x_wconf 84' lang='lat' dir='ltr'>Cum</span> <span class='ocrx_word' id='word_1_505' title='bbox 1673 4039 1967 4096; x_wconf 72' lang='lat' dir='ltr'>languescere</span> <span class='ocrx_word' id='word_1_506' title='bbox 1996 4036 2253 4105; x_wconf 79' lang='lat' dir='ltr'>paulatim]</span> <span class='ocrx_word' id='word_1_507' title='bbox 2289 4037 2407 4086; x_wconf 88' lang='lat' dir='ltr'>Hoc</span> <span class='ocrx_word' id='word_1_508' title='bbox 2446 4053 2514 4088; x_wconf 84' lang='lat' dir='ltr'>ex</span> 
     </span>
     <span class='ocr_line' id='line_1_94' title="bbox 1445 4111 2557 4175; baseline 0 -14"><span class='ocrx_word' id='word_1_509' title='bbox 1445 4113 1584 4162; x_wconf 87' lang='lat' dir='ltr'>Flor.</span> <span class='ocrx_word' id='word_1_510' title='bbox 1606 4113 1795 4175; x_wconf 79' lang='lat' dir='ltr'>vulga,</span> <span class='ocrx_word' id='word_1_511' title='bbox 1819 4114 2052 4173; x_wconf 78' lang='lat' dir='ltr'>languere.</span> <span class='ocrx_word' id='word_1_512' title='bbox 2087 4111 2252 4162; x_wconf 88' lang='lat' dir='ltr'>Idem.</span> <span class='ocrx_word' id='word_1_513' title='bbox 2554 4114 2557 4119; x_wconf 88' lang='lat'>&#39;</span> 
     </span>
    </p>

    <p class='ocr_par' dir='ltr' id='par_1_18' title="bbox 1445 4189 2518 4411">
     <span class='ocr_line' id='line_1_95' title="bbox 1512 4189 2518 4257; baseline 0.005 -21"><span class='ocrx_word' id='word_1_514' title='bbox 1512 4190 1623 4245; x_wconf 74' lang='lat' dir='ltr'>Nan</span> <span class='ocrx_word' id='word_1_515' title='bbox 1648 4189 1699 4237; x_wconf 80' lang='lat' dir='ltr'>in</span> <span class='ocrx_word' id='word_1_516' title='bbox 1719 4191 1889 4250; x_wconf 78' lang='lat' dir='ltr'>vulgus</span> <span class='ocrx_word' id='word_1_517' title='bbox 1907 4190 2059 4252; x_wconf 77' lang='lat' dir='ltr'>inops,</span> <span class='ocrx_word' id='word_1_518' title='bbox 2097 4192 2180 4238; x_wconf 82' lang='lat' dir='ltr'>sed</span> <span class='ocrx_word' id='word_1_519' title='bbox 2202 4190 2256 4238; x_wconf 80' lang='lat' dir='ltr'>in</span> <span class='ocrx_word' id='word_1_520' title='bbox 2276 4190 2518 4257; x_wconf 61' lang='lat' dir='ltr'>tribunes]</span> 
     </span>
     <span class='ocr_line' id='line_1_96' title="bbox 1445 4267 2516 4334; baseline 0.004 -17"><span class='ocrx_word' id='word_1_521' title='bbox 1445 4268 1509 4317; x_wconf 89' lang='lat' dir='ltr'>In</span> <span class='ocrx_word' id='word_1_522' title='bbox 1533 4268 1650 4315; x_wconf 88' lang='lat' dir='ltr'>eod.</span> <span class='ocrx_word' id='word_1_523' title='bbox 1674 4267 1810 4315; x_wconf 85' lang='lat' dir='ltr'>Bud.</span> <span class='ocrx_word' id='word_1_524' title='bbox 1833 4283 1926 4316; x_wconf 75' lang='lat' dir='ltr'>nou</span> <span class='ocrx_word' id='word_1_525' title='bbox 1956 4269 2009 4315; x_wconf 80' lang='lat' dir='ltr'>in</span> <span class='ocrx_word' id='word_1_526' title='bbox 2030 4270 2202 4330; x_wconf 71' lang='lat' dir='ltr'>vulgas</span> <span class='ocrx_word' id='word_1_527' title='bbox 2222 4271 2442 4334; x_wconf 70' lang='lat' dir='ltr'>inopsque</span> <span class='ocrx_word' id='word_1_528' title='bbox 2462 4272 2516 4321; x_wconf 72' lang='lat' dir='ltr'>in</span> 
     </span>
     <span class='ocr_line' id='line_1_97' title="bbox 1445 4346 2515 4411; baseline 0.004 -16"><span class='ocrx_word' id='word_1_529' title='bbox 1445 4346 1673 4399; x_wconf 73' lang='lat' dir='ltr'>tribunos.</span> <span class='ocrx_word' id='word_1_530' title='bbox 1718 4346 1898 4411; x_wconf 87' lang='lat' dir='ltr'>Forte,</span> <span class='ocrx_word' id='word_1_531' title='bbox 1916 4346 2099 4410; x_wconf 70' lang='lat' dir='ltr'>quinia</span> <span class='ocrx_word' id='word_1_532' title='bbox 2113 4347 2349 4399; x_wconf 67' lang='lat' dir='ltr'>tribunos.</span> <span class='ocrx_word' id='word_1_533' title='bbox 2377 4350 2515 4402; x_wconf 82' lang='lat' dir='ltr'>Rhe-</span> 
     </span>
    </p>
   </div>
  </div>
 </body>
</html>
