3009 4942
468 414 647 483 4182

467 566 682 637 rectius,
702 573 938 638 renonias.
983 574 1217 626 Freinsh-

1183 410 1401 511 nofrzn
1450 420 1858 481 vsru'onun
1911 430 1989 480 ιΝ

1615 579 1843 624 ratorem
1866 588 1991 638 erga
2022 571 2330 639 praefectum
2366 586 2537 634 suum,
2560 574 2688 638 με’·-

463 666 478 675 ·
537 653 599 702 In
616 653 874 702 custodiam
894 651 1101 718 habitos]
1128 646 1337 715 Malim,
1357 653 1410 702 in
1438 668 1542 703 cus-
1613 650 1796 702 sertim
1820 652 2083 715 libertum,
2107 652 2293 703 decet:
2339 652 2395 702 bi
2429 651 2685 714 enirn‘ju·

477 730 626 780 todia.
667 730 958 778 Rhenanus.

542 808 604 856 In
626 818 869 856 numerum
904 805 1125 870 legionis]
1172 807 1434 870 Hispanus
1458 822 1545 857 co·

467 884 596 946 dex,
622 897 848 932 numero.-
893 882 1126 931 Romana
1165 882 1328 931 editio
1352 889 1406 932 et
1428 884 1545 932 Flo-

472 959 727 1021 rentinus,
761 973 1009 1016 numen-os,-
1058 958 1193 1022 quod
1234 968 1435 1009 rectum
1458 960 1545 1010 hic

473 1043 598 1086 est:
650 1035 1080 1099 intelligendique
1118 1035 1318 1084 numeri
1358 1036 1546 1084 milita·

474 1127 581 1175 res,
600 1111 667 1161 de
690 1108 993 1177 fluibusjam
1021 1112 1258 1175 praedixi.
1290 1112 1498 1176 Lipsius.

465 1196 502 1257 ⁴.
544 1190 605 1239 In
619 1203 835 1238 numeros
856 1188 1058 1249 legionis
1076 1187 1413 1252 composuerat]
1459 1190 1546 1239 Ita

463 1267 582 1318 ·Ms.
634 1267 793 1317 alter:
857 1281 974 1315 nam
1023 1266 1076 1315 in
1122 1266 1263 1316 Flor.
1310 1266 1548 1330 sequitur

476 1343 837 1409 respondentis
881 1343 992 1393 folii
1031 1342 1288 1394 defectus:
1355 1343 1546 1407 Vulgo,

474 1421 528 1470 in
546 1435 817 1470 numerum.-
852 1421 988 1484 quod
1013 1419 1133 1470 alibi
1156 1420 1316 1469 etiam
1342 1420 1547 1483 Lipsius

477 1497 723 1547 correxit.
815 1497 1020 1547 Numeri
1081 1496 1217 1545 enim
1262 1511 1404 1561 saepe
1448 1512 1546 1562 pro

445 1573 776 1624 “cohortibus
818 1575 1007 1623 Tacito
1051 1581 1386 1638 usurpantur.
1458 1576 1549 1625 Pi-

473 1650 638 1702 che'na.
1122 1673 1128 1679 ·

459 1730 470 1753 ⁴
547 1731 697 1779 Facta
734 1735 780 1779 et
802 1730 993 1794 reliquis
1018 1733 1146 1796 spes]
1174 1731 1286 1781 Illis
1318 1733 1430 1782 scil.
1457 1733 1545 1797 qui

474 1807 743 1858 navalibus
768 1809 938 1871 operis
954 1808 1354 1877 distinebantur.
1393 1809 1549 1859 Sacil-

468 1885 585 1951 Jius.
652 1887 841 1949 Vulgo,
873 1887 1086 1950 reliquis.
1154 1887 1307 1938 Quod
1339 1888 1550 1937 videtur

467 1959 744 2039 ‘sumptum
775 1976 842 2012 ex
868 1964 1116 2028 superiori
1141 1977 1291 2026 voce,
1328 1965 1550 2028 reliquos.

465 2031 712 2103 ‘Reposui
732 2040 920 2089 caeteris
942 2055 1008 2090 ex
1032 2041 1171 2090 Flor.
1240 2042 1426 2091 Sensus
1464 2057 1553 2091 au-

465 2121 588 2165 =tem
614 2122 721 2175 est:
759 2118 963 2168 Ceteris
987 2118 1145 2168 etiam
1165 2112 1438 2179 militibus,
1463 2119 1552 2183 qui

478 2193 533 2241 in
569 2208 630 2243 ea
669 2195 830 2245 classe
869 2202 1038 2257 erant,
1077 2195 1274 2260 praeter
1318 2197 1551 2259 reliquos

479 2271 597 2320 illos
639 2271 910 2323 Galbianae
953 2273 1131 2337 caedis,
1170 2270 1553 2339 factam'spem

479 2347 824 2399 honoratioris
878 2350 1077 2400 militiae
1141 2352 1196 2399 in
1250 2357 1553 2415 posterum:

466 2435 585 2487 quo
650 2425 760 2476 scil.
816 2426 1061 2476 libentius
1110 2427 1162 2475 in
1221 2441 1334 2477 eam
1399 2441 1558 2491 expe-

482 2490 733 2550 ditionem
794 2503 947 2553 irent.
1002 2504 1232 2553 Pichenu.
1306 2502 1556 2567 Suspicor

484 2582 748 2627 auctorem
817 2579 1126 2644 scripsisse:
1220 2585 1558 2646 composuerat,

469 2653 613 2712 sucta
634 2659 683 2703 et
702 2654 889 2706 coeteris
921 2673 1002 2722 spe
1030 2658 1385 2708 honoratioris
1367 2675 1418 2708 in
1449 2674 1558 2723 pos-

480 2737 636 2782 terum
656 2735 863 2787 militioe.
913 2737 1001 2786 Sic
1025 2737 1114 2787 lib.
1137 2745 1229 2788 ιιι.
1262 2738 1279 2766 ‘
1304 2739 1357 2788 iu
1390 2738 1556 2788 Vitel-

483 2810 609 2859 lium
648 2818 708 2862 ut
746 2813 1010 2864 inimicum
1048 2818 1381 2882 rescripsere,
1411 2816 1558 2868 facta

485 2886 708 2936 tribunis
753 2896 808 2940 et
845 2891 1235 2942 centurionibus
1280 2895 1557 2959 retinendi,

487 2978 604 3026 quae
621 2965 878 3016 Vitellius
911 2968 1233 3034 indulsisset,
1267 2971 1394 3036 spe?
1430 2972 1556 3021 Gro-

460 3028 670 3093 novius.

469 3121 477 3129 “
558 3116 699 3171 Vires
727 3125 775 3169 et
797 3121 961 3186 robur]
1011 3123 1060 3172 A
1091 3125 1401 3189 conjectura
1438 3142 1557 3192 nos·

487 3199 570 3244 tra
593 3201 689 3246 est.
753 3198 899 3247 Libri
938 3200 1071 3248 enim
1096 3214 1292 3264 omneS,
1326 3218 1352 3250 e
1377 3208 1556 3266 presto-

484 3269 638 3322 rianis
658 3271 797 3337 viris,
820 3279 873 3323 ut
895 3276 1038 3325 robur
1070 3279 1309 3327 exercitus
1321 3294 1341 3338 ,·
1374 3294 1556 3343 parum

465 3355 626 3414 apte.
661 3349 868 3414 Lipsius.

469 3432 478 3455 ³
551 3426 750 3477 Summa
766 3431 1085 3493 expeditionis
1103 3432 1314 3483 Antonio
1338 3435 1558 3501 Novello]

484 3502 573 3552 Ita
610 3507 913 3557 emendavi:
967 3510 1102 3558 male
1125 3511 1281 3574 vulgo
1321 3512 1557 3562 Novellio.

467 3579 571 3629 θὶς
592 3580 681 3632 lib.
705 3597 847 3647 sequ.
880 3584 895 3611 ‘
918 3583 1204 3635 Antonium
1228 3588 1557 3638 Novellum?

464 3656 666 3724 'ibique
732 3661 937 3724 statim;
992 3665 1007 3692 ‘
1031 3663 1264 3715 Antonio
1329 3667 1555 3716 Novello

469 3735 626 3786 -nullu
647 3738 970 3803 auctoritas,'
991 3743 1092 3790 διο.
1128 3742 1356 3792 Pithena.

469 3820 478 3829 ’
552 3813 817 3879 Invitatus]
841 3816 975 3881 Vox,
997 3819 1254 3882 Invitatus,
1275 3829 1551 3885 suspecta:

485 3889 691 3956 quidam
712 3892 847 3955 libri,
864 3894 1092 3944 Inuitum
1102 3912 1125 3955 ;
1138 3897 1245 3959 alii,
1258 3898 1554 3948 immutatus.

463 3966 730 4031 Faernus,
748 3962 891 4019 initio
909 3974 1070 4021 datus.
1121 3973 1265 4037 Lips.

549 4047 632 4095 Aa
675 4047 1009 4098 observandum
1050 4050 1367 4101 honestiorum
1395 4053 1554 4118 fidem

483 4121 625 4170 initio
646 4123 807 4186 dotus]
863 4123 951 4174 Ita
987 4125 1216 4175 Faenius
1240 4128 1555 4179 emendabat

467 4205 582 4260 'pro
605 4212 688 4261 eo,
711 4200 847 4264 quod
870 4203 1023 4252 estin
1044 4204 1288 4268 vulgatis,
1304 4208 1553 4258 invitatus.

484 4273 722 4324 Ursinus.
791 4277 1022 4341 Invitat-e,
1054 4280 1274 4330 eandem
1315 4284 1417 4335 vim
1438 4283 1551 4333 fere

1618 3352 1784 3408 -ta'tes,
1806 3349 1906 3396 ἄιε.
1930 3347 1960 3376 *
1997 3348 2323 3399 Boxhornius.

1616 3499 1775 3549 ·verbi
1819 3499 2170 3549 defensiones.

1618 727 1826 791 bentur,
1847 743 1947 778 non
1974 736 2243 794 rogantur.
2309 729 2506 778 Merito
2531 728 2687 791 igitur

1619 805 1799 868 Lipsio
1823 794 2117 869 suspectum
2141 805 2377 856 verbum.
2411 805 2558 855 Man.
2578 819 2692 853 nos·

1619 890 1704 932 ter
1770 882 1938 932 adbuc
1999 884 2318 946 corruptius,
2380 882 2689 937 immutatus:

1618 956 1774 1021 forte,
1795 960 2059 1024 imnum,
2080 962 2235 1024 quasi·
2256 961 2399 1009 inter*
2419 959 2585 1008 duces
2602 957 2689 1006 ad·

1619 1036 1777 1087 ditus.
1815 1038 2041 1088 Pickeno.
2110 1038 2287 1091 Prima
2324 1037 2513 1099 editio,
2533 1037 2689 1084 insitu-

1619 1121 1714 1165 tus.
1750 1117 2213 1167 Emendationibus
2234 1115 2553 1166 incumbitur
2575 1114 2687 1162 hinc

1619 1193 1760 1256 inde,
1783 1208 1881 1258 ego
1902 1196 2107 1245 mallem
2131 1199 2297 1245 totam
2328 1206 2512 1243 vocem
2538 1189 2690 1240 omni-

1618 1271 1715 1322 bus
1754 1274 1857 1321 suis
1880 1273 2151 1322 elementis
2180 1271 2594 1333 .eradicuri,‘ceu
2616 1282 2697 1316 su·

1621 1361 1952 1411 pervacuam.
1988 1348 2243 1399 Gruterus.
2289 1347 2410 1397 Non
2428 1344 2694 1409 comparet

1622 1424 1917 1474 sententia:
1974 1426 2141 1473 minus
2180 1425 2338 1474 etiam
2378 1424 2561 1473 deleta
2589 1435 2692 1471 sus-

1622 1507 1780 1566 pecta
1826 1516 1955 1551 voce
2013 1500 2269 1565 invitatus,
2306 1501 2446 1571 quod
2499 1498 2694 1550 fecerat

1623 1579 1880 1630 Muretus.
1946 1579 2063 1629 Nec
2085 1580 2261 1644 Lipsio
2300 1579 2493 1629 Delius
2530 1575 2693 1626 favit:

1622 1657 1820 1718 nescio,
1853 1656 1895 1707 si
1933 1657 2075 1707 mihi.
2144 1655 2320 1707 Possit
2355 1652 2691 1715 credoflegi:

1622 1738 1685 1785 ud
1719 1736 2073 1801 obserendum,
2107 1734 2427 1786 honestiorum
2448 1736 2561 1801 fide
2576 1734 2695 1784 invi·

1624 1817 1770 1861 tatus.
1836 1813 1902 1862 Id
1925 1821 2028 1876 est,
2050 1821 2109 1862 ut
2150 1805 2378 1863 fideliter
2415 1812 2696 1862 cui-anfun-

1624 1889 1762 1938 vium
1787 1897 1982 1954 ageret,
1994 1889 2099 1940 fide
2117 1887 2488 1952 honestiorum,
2510 1897 2568 1940 et
2587 1889 2695 1954 dig·

1626 1962 1788 2016 nim-is
1828 1967 2158 2030 conditionis,
2196 1966 2551 2031 ipselibertus
2574 1964 2699 2014 invi·

1626 2049 1781 2093 tatus.
1870 2043 1982 2093 Aut
2042 2044 2259 2107 potius:¹
2302 2043 2357 2092 in
2395 2041 2700 2103 obseruanda,

1627 2119 1944 2170 honestiorum
1951 2120 2107 2187 fldem
2136 2121 2373 2170 imitatus.
2439 2121 2517 2169 Ut
2536 2120 2590 2168 in
2608 2117 2698 2167 ob⁴

1612 2200 1883 2247 servanda
1922 2198 2129 2248 navium
2167 2213 2293 2248 cura
2325 2205 2430 2246 tam
2476 2195 2699 2246 fideliter

1610 2281 1683 2323 ‘se
1730 2275 1968 2338 gesserit,
2014 2289 2076 2324 ac
2114 2272 2163 2323 ‘si
2197 2288 2298 2323 non
2332 2274 2570 2333 libertus,
2604 2271 2699 2321 sed

1627 2351 1893 2400 honestior
1915 2351 2097 2416 aliquis
2120 2357 2277 2400 esset.
2296 2349 2563 2399 Acidalius.
2595 2349 2700 2398 Cur

1629 2425 1980 2478 honestiorum?
2013 2428 2149 2478 Nam
2174 2426 2579 2477 inhonestiorum
2611 2440 2700 2490 po·

1630 2503 1732 2552 tius
1773 2502 1905 2553 fides
1946 2504 2275 2553 observanda
2313 2501 2484 2552 videri
2523 2503 2702 2566 possit.

1630 2579 1764 2643 Imo,
1827 2582 2160 2631 honestioM.
2249 2581 2388 2630 Nam
2466 2579 2699 2644 pessimis

1612 2655 1969 2722 principibus
1984 2659 2168 2722 optimi
2205 2657 2333 2707 sunt'
2347 2657 2603 2721 suspecti,
2628 2661 2703 2706 ·ut

1629 2734 1836 2798 optimis
1890 2736 2113 2800 pessimi.
2194 2735 2458 2784 Observa-e
2499 2734 2584 2784 bic
2620 2739 2703 2784 est

1616 2808 1808 2860 'eorum
1848 2811 2140 2872 custodum,
2180 2811 2393 2876 quoi-um
2442 2810 2558 2874 jam
2587 2811 2701 2874 jam

1627 2888 1892 2939 meminit:
1957 2890 1972 2916 ‘
1994 2887 2216 2938 Addidit
2268 2888 2423 2937 classi
2481 2888 2701 2937 urbanas

1630 2962 2027 3027 cohortes,'&c.
2092 2964 2198 3016 Sed
2235 2958 2367 3014 brec?
2387 2965 2443 3014 in
2477 2966 2700 3030 gratiam

1616 3046 1889 3103 -tyronum.
1957 3041 2032 3091 At
2072 3040 2303 3105 ‘turbant
2353 3041 2439 3092 hic
2489 3036 2702 3105 eruditi.

1631 3117 1888 3168 Omnibus
1903 3125 2203 3183 suspectum
2226 3117 2285 3166 τὸ
2305 3119 2560 3169 maus.
2601 3119 2704 3169 Cu·

1612 3212 1619 3219 ¹
1622 3194 1712 3258 jus
1735 3209 1834 3258 ego
1857 3196 2162 3261 suspicionis
2192 3209 2397 3245 causam
2421 3192 2569 3246 certe
2589 3196 2703 3246 nui·

1630 3269 1737 3319 lam
1770 3272 1941 3322 video.
2008 3274 2276 3322 Vocantur
2312 3272 2402 3321 alii
2436 3271 2505 3320 ad
2539 3271 2704 3337 dignui-

2388 3348 2537 3398 Nibil
2558 3349 2704 3413 inep-

1630 3423 1733 3471 tius
1764 3425 1834 3484 τῷ·
1855 3423 2102 3487 muitum,
2123 3423 2224 3472 nisi
2253 3422 2391 3473 forte
2413 3424 2544 3488 ipsae
2566 3425 2702 3474 illius

2254 3498 2377 3549 Hoc
2429 3499 2702 3550 adfirmare

1630 3574 1874 3639 proclive
1923 3582 2039 3626 est.
2101 3576 2197 3626 sed
2235 3589 2339 3625 non
2383 3581 2491 3625 tam
2531 3575 2703 3627 facins

1628 3652 1904 3702 medicina.
1968 3652 2284 3718 Suspicabat-
2327 3659 2525 3715 tamen,
2564 3654 2705 3703 καὶ·

1560 3754 1565 3759 «
1629 3734 1777 3792 tatus,
1791 3731 1876 3781 vel
1891 3730 2110 3780 minister
2120 3732 2278 3809 dutus.
2300 3728 2458 3779 Adde
2474 3729 2701 3841 Observ-

1628 3821 1694 3856 ιι.
1717 3812 1805 3857 20.
1836 3807 2122 3863 Gronovius.

1695 3885 1888 3935 Murius
1913 3886 2094 3948 Celsus,
2113 3885 2305 3936 Annius
2344 3885 2535 3950 Gallus,
2552 3891 2703 3936 rato-

1626 3983 1702 4017 res
1721 3967 1974 4031 destinuti]
2028 3968 2187 4017 Liber
2214 3968 2577 4032 Covurruviae,'
2599 3983 2701 4018 rec-

1628 4050 1755 4095 tores
1773 4045 2040 4095 constituti.
2106 4046 2401 4108 Utrumque
2420 4046 2698 4109 spurium:

1627 4128 1684 4173 et
1700 4123 1961 4173 sententia
1983 4124 2095 4173 sine
2117 4136 2182 4172 eo
2200 4127 2424 4172 constat.
2455 4123 2671 4187 lapdus.

1628 4217 1635 4225 ⁶
1693 4200 1924 4249 Rea-tores
1942 4199 2195 4262 destinati]
2249 4198 2519 4262 Hispanus
2553 4197 2706 4262 liber,

1625 4278 1891 4330 constituti.
1934 4276 2076 4341 Lips.
2125 4278 2407 4341 utrumque
2448 4271 2704 4340 spurium,

484 4347 664 4416 habet,
696 4362 867 4419 quum,
904 4368 1122 4420 rogare:
1168 4371 1337 4425 neque
1374 4358 1550 4428 Impe-
1622 4355 1683 4408 et
1725 4358 1838 4409 sine
1871 4372 1934 4410 eo
1973 4347 2291 4415 seutentiam
2330 4357 2575 4408 consui-e
2607 4356 2703 4409 uit.
