3009 4942
446 553 698 620 iuvissent]
759 553 1003 608 Judicavi
1037 552 1218 604 deesse
1256 554 1375 604 olim
1420 555 1510 604 ali-

448 634 606 698 quid:
643 635 794 685 male.
861 632 1042 683 Scribe
1082 640 1300 692 tantum,
1331 649 1509 697 compo·

445 709 571 771 sitis,
586 717 642 759 et
660 710 920 761 sententia
938 709 1130 773 liquida
1145 710 1261 758 erit.
1297 709 1508 773 Lipsius.

519 787 586 859 (st
605 787 752 848 major
785 788 888 835 laus
918 787 1178 850 compositi,
1209 788 1283 835 vel
1303 788 1347 835 si
1368 790 1509 836 dura-

445 862 646 926 bissent]
712 864 1017 921 Collective,
1040 869 1095 912 et
1120 877 1182 912 ea
1206 862 1390 924 forma,
1407 878 1511 928 qua

444 940 698 1003 repetitum
745 940 881 1002 apud
932 946 1155 989 nostrum
1229 936 1361 990 Anu.
1405 941 1438 989 l.
1467 940 1509 989 ι’.

445 1000 541 1065 ²et
576 1016 832 1066 libertatis
865 1018 1198 1080 improsperae
1234 1016 1508 1078 repetitae?

446 1090 773 1142 Doctissimis
795 1093 875 1140 vir
895 1093 1177 1156 compositis,
1220 1100 1274 1141 ut
1307 1094 1383 1142 his
1421 1109 1509 1158 ap-

449 1169 550 1218 tius
602 1169 869 1234 sequentia
926 1169 1319 1233 responderent,
1350 1171 1423 1219 vel
1465 1170 1511 1218 si

444 1234 759 1294 ‘duravissent-
826 1245 1020 1295 Verum
1062 1261 1179 1295 cum
1244 1247 1398 1295 etiam
1455 1247 1509 1296 in

449 1321 632 1397 eodem
661 1327 811 1370 reatu
848 1322 1175 1387 Thucydides
1212 1323 1297 1371 ille
1321 1323 1407 1383 sit,
1437 1337 1513 1372 sa·

446 1399 553 1448 tius
599 1398 699 1447 erit
737 1396 984 1447 desistere
1043 1399 1110 1448 ab
1168 1399 1512 1449 advocatione

347 1502 352 1505 ·
447 1474 484 1523 l.
522 1488 582 1524 11.
615 1476 844 1523 τοσοῦτον
879 1477 949 1536 τῷ
987 1473 1206 1538 Περίκλει
1242 1474 1514 1539 ἐπερίσσευε

445 1550 579 1615 τότε,
616 1542 702 1613 ἆφί
725 1550 789 1602 ὧν
821 1552 961 1602 αὐτὸς
993 1551 1224 1618 προέγνω·
1261 1555 1295 1605 i.
1327 1560 1514 1604 tantum

449 1626 629 1677 Pericli
649 1633 909 1692 supererat,
937 1644 999 1678 ex
1019 1630 1183 1694 quibus
1219 1631 1322 1695 ipse
1341 1628 1514 1695 proevi-

449 1698 608 1752 «vebat.
660 1705 957 1754 SalinerinS.
1013 1705 1218 1770 Lipsius
1279 1708 1516 1758 emenda-

448 1781 530 1831 vit
569 1783 782 1859 optime.
857 1783 1046 1849 Vulgo,
1101 1786 1360 1852 compositi.
1431 1786 1518 1836 Pi·

457 1857 645 1907 chena-

514 1936 641 1984 Mox
671 1942 774 1986 orto
794 1937 1014 2001 dissidio]
1080 1941 1297 1990 Discidio
1338 1945 1394 1991 et
1430 1941 1517 1990 hic

456 2010 784 2063 scribendum
810 2029 1016 2066 censeo,
1053 2017 1334 2067 Gronovius.

497 2090 631 2139 cn.
644 2095 724 2141 41.
735 2091 789 2141 Τ.
804 2092 865 2142 L.
882 2093 1103 2156 Claudio]
1124 2093 1519 2158 Autographnm

449 2166 633 2217 habuit
659 2168 745 2217 TI.
769 2175 824 2217 et
859 2169 933 2217 ita
959 2170 1210 2233 scriptum
1251 2172 1482 2233 oportuit
1500 2187 1516 2220 ε

447 2244 575 2293 alias
599 2245 642 2293 L
663 2243 857 2295 frustra
880 2254 963 2295 est
984 2261 998 2295 z
1040 2246 1094 2297 T.
1121 2261 1244 2297 vero
1274 2262 1369 2312 pro
1391 2248 1519 2299 'rito

452 2321 692 2382 exposita
716 2320 937 2371 Claudio
975 2323 1172 2372 Caesari
1206 2338 1310 2371 non
1334 2338 1518 2373 conve-

448 2390 545 2443 nit.
617 2392 846 2446 Eme'ndo
886 2396 1048 2461 igitur
1099 2398 1180 2448 TI.
1226 2398 1365 2463 quod
1418 2398 1518 2447 illis

450 2469 618 2519 literis
654 2471 892 2521 Tiberius
940 2473 1261 2537 significetur
1294 2475 1348 2522 in
1387 2475 1520 2523 anti·

448 2545 562 2609 quis
585 2546 1030 2611 inscriptionibus.
1072 2549 1226 2598 Unde
1250 2564 1519 2613 argumen-

448 2627 560 2672 tum
589 2630 672 2673 est
710 2624 762 2672 in
784 2624 897 2673 illos
919 2626 1007 2688 qui
1034 2626 1283 2689 Tyberium
1305 2640 1400 2691 per
1427 2627 1526 2676 ΤΥ

448 2698 701 2750 scribunt.
741 2699 1035 2752 Vertronius.

526 2775 694 2825 Virilis
725 2780 842 2837 toga
883 2779 1064 2826 Neroni
1106 2774 1370 2845 maturata]
1435 2780 1517 2828 De

449 2851 690 2914 Augusto
733 2850 1035 2902 fefellerunt
1078 2854 1310 2916 Lipsium
1355 2856 1518 2905 verba

450 2928 691 2978 Suetonii
730 2944 777 2979 c.
801 2933 849 2978 8.
874 2931 1028 2993 vulgo
1054 2936 1332 2995 corrupta:
1370 2932 1386 2959 ‘
1407 2933 1519 2982 De-

421 3002 640 3052 ·cimum
685 3018 873 3053 annum
911 3018 1069 3069 agens
1114 3006 1282 3055 aviam
1323 3008 1520 3057 Juliam

451 3079 755 3131 defunctam
799 3096 893 3145 pro·
958 3084 1205 3133 concione
1269 3085 1523 3150 laudavit,

451 3157 795 3220 quadriennio
819 3166 938 3221 post
959 3160 1095 3209 virili
1133 3169 1254 3223 toga
1276 3162 1520 3226 sumpta.’

449 3233 555 3284 Sed
599 3235 673 3284 sic
709 3235 904 3298 jubent
942 3248 1007 3285 ex
1043 3237 1163 3287 Nic.
1189 3240 1521 3288 Damascene

451 3310 680 3359 Florida.
703 3308 816 3360 ’Ὅτι
840 3315 1022 3377 Καῖσαρ
1043 3314 1148 3378 περὶ
1170 3314 1303 3363 ἐννέα
1326 3314 1409 3375 ἔτη
1431 3314 1521 3377 μά-

457 3395 607 3436 λιστα
625 3389 847 3450 γεγονὸς-
863 3388 1015 3451 θαῦμά
1042 3410 1098 3440 τε
1136 3393 1190 3439 οὗ
1225 3392 1385 3455 μικρὸν
1407 3412 1523 3457 παρ-

453 3460 572 3524 ἔσχε
599 3464 858 3529 Ῥωμαίοις,
893 3466 1075 3529 φύσεως
1105 3468 1344 3531 ἀκρότητα
1372 3468 1523 3529 δηλώ-

455 3555 545 3601 σας
582 3540 633 3588 ἐν
651 3543 812 3604 τοιᾷδε
833 3541 1009 3607 ἡλικίᾳ,
1048 3544 1145 3605 καὶ,
1177 3544 1293 3593 ὅπου
1323 3548 1424 3595 τοῖς
1444 3547 1522 3594 ἄν·

453 3613 590 3677 δράσι
613 3616 762 3667 πολὺς
785 3618 1023 3680 ἐγγίνεται
1052 3619 1262 3685 θόρυβος,
1288 3623 1338 3670 ἐν
1353 3625 1524 3684 πολλῷ

452 3690 602 3754 ῡμίλφ
623 3694 967 3758 δημηγορήσας.
1024 3699 1225 3762 Nempe
1261 3698 1522 3748 ἀποθανού-

451 3783 541 3826 σης
579 3769 707 3831 αὐτῷ
739 3773 827 3829 τῆς
850 3775 1009 3830 φηθῆς.
1055 3775 1213 3823 Mori:
1252 3773 1519 3831 Κατέβαινε

452 3843 505 3892 δὲ
539 3843 603 3895 εἷς
635 3846 727 3904 τὴν
749 3847 926 3912 ἀγορὰν
948 3849 1050 3912 περὶ
1082 3849 1170 3908 ἔτη
1207 3849 1419 3911 μάλιστα
1439 3869 1521 3913 ’γε-

452 3923 602 3983 γονὼς
621 3925 1066 3989 τεσσαρεσκαίδεκα,
1104 3927 1227 3976 ὥστε
1267 3925 1522 3977 ἀποθέσθαι

449 3997 540 4059 μὲν
627 4000 770 4049 αὐτὸν
849 4002 938 4060 ἤδη
1012 4002 1102 4060 τὴν
1185 4000 1524 4068 περιπόρφυρον

453 4076 651 4134 ἐσθῆτα,
717 4077 975 4134 ἀναλαβεῖν
1037 4078 1091 4127 δὲ
1157 4079 1246 4138 τὴν
1302 4082 1524 4146 καθαρὰν,

451 4153 697 4210 σύμβολον
750 4152 896 4209 όῦσαν
952 4160 1039 4217 τῆς
1096 4156 1162 4208 εἷς
1211 4158 1385 4225 ἄνδρας
1441 4162 1522 4224 ἑγ-

454 4233 661 4295 γραφῆς.
746 4231 921 4296 Atque
979 4234 1055 4282 ita
1112 4248 1270 4297 penes
1327 4245 1522 4287 utrum-

453 4320 557 4375 que
628 4306 954 4367 scribendum
1035 4316 1182 4365 recte
1253 4312 1525 4380 judicavit

1153 388 1373 459 nors}
1420 370 1828 458 vAmolwu
1878 382 1958 458 tit

1588 554 1725 605 Hen.
1765 554 2022 604 Valesius.
2089 552 2277 619 Neque
2323 552 2477 603 aliter
2508 552 2653 617 legas

1589 633 1780 683 suadeo
1818 632 1955 696 apud
2002 631 2374 683 Quintilianum
2410 631 2445 681 1.
2476 644 2580 680 xu.
2603 633 2654 689 6,

1588 706 1609 739 ‘
1631 711 1810 759 Caesar
1848 709 2129 770 Augustus,
2160 708 2339 757 decem
2377 715 2530 757 natus
2564 722 2656 757 an-

1587 803 1682 836 uos
1707 787 1872 836 aviam
1898 801 1990 849 pro
2016 786 2213 835 Rostris
2237 785 2504 834 laudavit.’
2537 784 2656 835 Etsi

1587 864 1743 929 vulgo
1787 863 1859 912 ibi
1905 877 2107 935 quoque
2157 864 2412 911 duodecim.
2483 861 2657 911 Corri-

1587 940 1755 1002 genda
1775 948 1828 988 et
1846 939 1972 988 Vita
1997 939 2229 1002 Virgilii:
2263 941 2278 967 ‘
2303 939 2462 988 Initia
2483 938 2657 989 aetatiae

1587 1016 1855 1066 Cremonae
1895 1016 2001 1075 egit
2035 1031 2198 1080 usque
2241 1016 2303 1064 ad
2345 1015 2548 1064 virilem
2580 1022 2658 1066 to·

1587 1107 1720 1157 gam,
1738 1108 1890 1158 qnam
1916 1105 2055 1142 xvtt.
2081 1106 2214 1140 anno
2250 1093 2411 1141 natali
2443 1107 2540 1141 suo
2574 1107 2657 1140 ac·

1588 1170 1746 1235 cepit,
1768 1170 1946 1218 iisdem
1986 1168 2089 1217 illis
2120 1169 2428 1231 consulibus,
2467 1167 2656 1233 quibus

1587 1252 1700 1296 erat
1741 1245 1937 1296 natus!
1996 1245 2239 1308 Repone:
2287 1261 2427 1308 quam
2468 1245 2656 1308 qm’nto·

1586 1323 1763 1371 decimo
1785 1321 1935 1377 natali
1954 1337 2039 1371 suo
2060 1320 2253 1383 occepit.
2308 1320 2446 1369 Nam
2471 1335 2657 1391 consu·

1586 1400 1662 1448 les
1704 1399 1801 1461 illi,
1842 1399 1936 1448 Cn.
1972 1397 2251 1460 Pompeius
2295 1396 2521 1459 Magnus
2578 1394 2656 1448 M.

1590 1477 1815 1526 Licinius
1841 1476 2077 1539 Crassus,
2110 1474 2319 1523 fuerunt
2357 1474 2583 1537 primum
2611 1486 2658 1524 a.

1590 1555 1655 1605 U.
1681 1555 1740 1603 C.
1769 1557 1885 1603 688.
1934 1553 2130 1601 Iterum
2170 1556 2282 1602 698.
2327 1550 2657 1616 Capitolinus

1591 1631 1808 1680 Marco:
1875 1628 1893 1657 ‘
1914 1628 2128 1678 Virilem
2193 1635 2365 1693 togam
2434 1620 2657 1692 sumpsit

1589 1707 1770 1772 quinto
1815 1706 2017 1756 decimo
2063 1706 2234 1756 aetatis
2274 1704 2445 1754 anno!
2521 1698 2657 1770 Aug'.

1590 1784 1894 1834 Buchnerus
1931 1799 2047 1833 cum
2079 1783 2142 1831 ad
2180 1782 2339 1832 Plinii
2376 1781 2550 1845 Epist.
2596 1778 2657 1831 n'.

1593 1863 1673 1910 14.
1694 1861 1710 1887 ‘
1735 1860 1820 1924 qni
1844 1874 2011 1923 nuper
2045 1865 2190 1922 togas
2209 1856 2540 1920 sumserunt,'
2571 1857 2659 1906 ob·-

1590 1944 1763 1986 servat
1785 1936 2004 1986 describi
2027 1935 2380 1999 septendecim
2406 1949 2658 1984 annorum

1593 2022 1822 2075 aetatem,
1857 2014 1993 2079 quod
2040 2012 2298 2063 sexdecim
2339 2027 2501 2061 anuos
2545 2009 2661 2060 nati

1594 2097 1768 2155 togam
1788 2106 1991 2155 puram,
2009 2089 2264 2154 praetexta
2287 2089 2477 2153 posita,
2495 2103 2661 2136 sume-

1594 2176 1729 2227 rent,
1758 2169 2019 2231 vulgarem
2065 2173 2274 2216 secutus
2315 2170 2397 2214 est
2427 2178 2659 2213 errorem

1592 2245 1968 2304 Manutiorum‚
2002 2243 2216 2307 Sigonii,
2264 2243 2499 2292 aliorum.
2580 2242 2659 2293 Ex

1593 2319 1777 2384 quibus
1819 2318 1984 2368 Aldus
2026 2319 2080 2366 ln
2127 2318 2376 2370 Quaesitis
2414 2315 2660 2366 Ciceroni

1592 2394 1700 2445 tilio
1724 2395 1898 2447 datam
1925 2394 1977 2442 in
2000 2395 2145 2444 exitu
2187 2393 2518 2442 sextidecimi
2541 2391 2662 2441 anni

1594 2480 1768 2537 togam
1792 2472 1989 2522 virilem
2029 2472 2227 2532 scribit,
2261 2471 2348 2536 qui
2373 2477 2523 2520 natus
2555 2469 2664 2520 suc-

1591 2551 1663 2600 rit
1708 2551 1864 2600 Cotta
1912 2555 1968 2599 et
2025 2549 2293 2614 Torquato
2347 2548 2661 2599 consulibus.

1593 2625 1757 2691 Atqui
1801 2626 1864 2674 L.
1902 2625 2045 2677 Julio
2102 2625 2308 2673 Caesare
2351 2624 2414 2672 C.
2456 2624 2662 2673 Marcio

1593 2702 1774 2765 Figulo
1794 2710 1973 2751 natum
1991 2701 2175 2751 scribit
2193 2701 2302 2763 ipse
2321 2699 2389 2748 ad
2407 2698 2663 2762 Atticum,

1590 2780 1689 2828 hoc
1731 2787 1826 2840 est,
1850 2794 1897 2828 a.
1934 2779 2001 2828 U.
2039 2779 2099 2828 C.
2134 2781 2249 2830 689.
2333 2774 2661 2825 Tirocinium

1592 2862 1766 2904 autem
1791 2856 1906 2918 ejus
1931 2852 2032 2902 fnit
2053 2853 2275 2903 Lentulo
2308 2857 2365 2901 et
2402 2852 2661 2901 Marcello

1594 2933 1741 2982 Coss.
1768 2948 1812 2981 a.
1852 2933 1917 2982 U.
1943 2932 2001 2980 C.
2036 2935 2151 2979 704.
2192 2931 2290 2979 hoc
2329 2934 2425 2992 est,
2461 2930 2666 2994 quinto·

1594 3008 1813 3059 decimo.
1841 3009 1987 3058 Idem
2008 3022 2275 3072 perperam
2296 3005 2507 3070 accipit,
2524 3004 2663 3069 quod

1594 3094 1674 3135 est
1713 3087 1849 3148 apud
1882 3085 2147 3146 Ovidium,
2178 3086 2213 3135 1.
2251 3098 2335 3134 111.
2385 3084 2661 3132 Fastorum

1592 3176 1702 3210 ver.
1726 3166 1839 3212 771.
1872 3162 2017 3227 quasi
2052 3163 2180 3212 velit
2211 3162 2319 3224 ille,
2343 3160 2518 3224 pueris
2557 3174 2661 3208 non

1594 3235 1904 3302 exspectato
1957 3240 2129 3288 aetatis
2174 3252 2309 3287 anno
2368 3240 2491 3285 xvi.
2570 3248 2663 3299 per

1593 3329 1750 3364 uuum
1783 3316 2099 3365 solummodo
2128 3315 2263 3364 diem
2289 3314 2498 3363 Baccho
2523 3312 2663 3362 dica-

1595 3396 1706 3440 tum
1749 3399 1871 3455 toga
1913 3407 2046 3455 pura
2078 3394 2156 3441 uti
2200 3391 2423 3441 licuisse.
2502 3391 2661 3450 Nam,

1593 3483 1737 3531 quare
1753 3476 1867 3532 toga
1889 3469 2037 3519 libera
2063 3473 2221 3530 detur,
2245 3474 2341 3529 est,
2362 3478 2524 3532 quare
2548 3464 2662 3514 dari

1594 3546 1779 3606 soleat,
1804 3561 1903 3595 non
1934 3547 1987 3595 in
2022 3547 2179 3595 istum
2204 3546 2341 3594 diem
2371 3544 2545 3604 modo,
2568 3541 2662 3591 sed

1594 3620 1648 3670 in
1707 3630 2035 3688 perpetuum,
2075 3629 2184 3673 tum
2242 3634 2359 3670 cum
2421 3621 2475 3668 itt
2522 3620 2660 3669 viros

1595 3699 2065 3760 transscribuntur3
2133 3704 2189 3747 et
2226 3698 2391 3762 pueris
2446 3703 2532 3747 est
2573 3695 2664 3761 qtii

1575 3775 1762 3824 adhuc
1787 3776 2094 3839 praetextam
2119 3779 2409 3838 gesserunt.
2468 3772 2663 3822 Petrus

1592 3850 1799 3900 Servius
1838 3852 1891 3899 in
1934 3850 2262 3902 Juvenilibus
2308 3849 2477 3899 Feriis
2513 3848 2664 3913 argu‘-

1594 3938 1824 3977 mentum
1877 3926 2220 3977 firmissimum
2277 3933 2477 3989 censet,
2522 3927 2665 3994 quoti

1595 4005 1809 4068 legimus
1845 4006 1981 4068 apud
2014 4006 2277 4054 Valerium
2306 4005 2609 4067 Maximum,
2633 4016 2666 4055 a

1595 4081 1672 4129 M.
1718 4081 1892 4141 Cotta,
1952 4096 2055 4147 quo
2109 4083 2194 4131 die
2242 4089 2413 4145 togam
2460 4080 2664 4133 'virilem

1596 4159 1835 4221 sumpsit,
1881 4166 1938 4208 ut
1983 4173 2012 4207 e
2056 4160 2316 4222 Capitolio
2371 4160 2666 4223 descendit,

1597 4235 1909 4297 postulatum
1947 4235 2264 4297 Carboncn13
2312 4232 2542 4285 m‘inorem
2576 4250 2664 4284 au-

1598 4316 1703 4361 tem
1742 4315 1920 4378 neptem
1972 4316 2027 4363 et
2078 4314 2265 4367 aecem*
2284 4313 2424 4363 uanis
2470 4310 2662 4365 Procne
