<?xml version="1.0" encoding="UTF-8"?>
<!DOCTYPE html PUBLIC "-//W3C//DTD XHTML 1.0 Transitional//EN"
    "http://www.w3.org/TR/xhtml1/DTD/xhtml1-transitional.dtd">
<html xmlns="http://www.w3.org/1999/xhtml" xml:lang="en" lang="en">
 <head>
  <title>
</title>
<meta http-equiv="Content-Type" content="text/html;charset=utf-8" />
  <meta name='ocr-system' content='tesseract 3.04.00' />
  <meta name='ocr-capabilities' content='ocr_page ocr_carea ocr_par ocr_line ocrx_word'/>
</head>
<body>
  <div class='ocr_page' id='page_1' title='image "./operaomnia10tacigoog_0381.png"; bbox 0 0 3009 4942; ppageno 0'>
   <div class='ocr_carea' id='block_1_1' title="bbox 833 372 1403 440">
    <p class='ocr_par' dir='ltr' id='par_1_1' title="bbox 833 372 1403 440">
     <span class='ocr_line' id='line_1_1' title="bbox 833 372 1403 440; baseline 0 -4"><span class='ocrx_word' id='word_1_1' title='bbox 833 388 980 438; x_wconf 75' lang='lat' dir='ltr'><strong>ma.</strong></span> <span class='ocrx_word' id='word_1_2' title='bbox 1025 388 1079 439; x_wconf 89' lang='lat'><strong>1.</strong></span> <span class='ocrx_word' id='word_1_3' title='bbox 1128 386 1293 439; x_wconf 77' lang='lat' dir='ltr'><strong>cAP.</strong></span> <span class='ocrx_word' id='word_1_4' title='bbox 1338 372 1403 440; x_wconf 90' lang='grc'><strong>1.</strong></span> 
     </span>
    </p>
   </div>
   <div class='ocr_carea' id='block_1_2' title="bbox 249 532 1386 1981">
    <p class='ocr_par' dir='ltr' id='par_1_2' title="bbox 249 532 1386 1981">
     <span class='ocr_line' id='line_1_2' title="bbox 320 532 1386 607; baseline -0.002 -21"><span class='ocrx_word' id='word_1_5' title='bbox 320 532 537 607; x_wconf 59' lang='grc' dir='ltr'><strong>πῖιμιᾶ</strong></span> <span class='ocrx_word' id='word_1_6' title='bbox 556 548 715 594; x_wconf 71' lang='lat' dir='ltr'><strong>um,</strong></span> <span class='ocrx_word' id='word_1_7' title='bbox 748 534 1028 603; x_wconf 72' lang='lat' dir='ltr'><strong>respondet</strong></span> <span class='ocrx_word' id='word_1_8' title='bbox 1066 533 1141 584; x_wconf 89' lang='lat' dir='ltr'><strong>illi</strong></span> <span class='ocrx_word' id='word_1_9' title='bbox 1177 533 1386 585; x_wconf 75' lang='lat' dir='ltr'><strong>omnium</strong></span> 
     </span>
     <span class='ocr_line' id='line_1_3' title="bbox 314 612 1385 676; baseline -0.002 -14"><span class='ocrx_word' id='word_1_10' title='bbox 314 616 622 676; x_wconf 72' lang='lat' dir='ltr'><strong>potestatem,</strong></span> <span class='ocrx_word' id='word_1_11' title='bbox 644 612 902 673; x_wconf 76' lang='lat' dir='ltr'><strong>subaudit,</strong></span> <span class='ocrx_word' id='word_1_12' title='bbox 923 612 1098 660; x_wconf 78' lang='lat' dir='ltr'><strong>civium</strong></span> <span class='ocrx_word' id='word_1_13' title='bbox 1111 627 1129 669; x_wconf 92' lang='lat'><strong>,·</strong></span> <span class='ocrx_word' id='word_1_14' title='bbox 1163 612 1259 660; x_wconf 84' lang='lat' dir='ltr'><strong>hoc</strong></span> <span class='ocrx_word' id='word_1_15' title='bbox 1282 617 1385 674; x_wconf 87' lang='lat' dir='ltr'><strong>est,</strong></span> 
     </span>
     <span class='ocr_line' id='line_1_4' title="bbox 320 686 1385 752; baseline -0.003 -13"><span class='ocrx_word' id='word_1_16' title='bbox 320 690 485 739; x_wconf 80' lang='lat' dir='ltr'><strong>totius</strong></span> <span class='ocrx_word' id='word_1_17' title='bbox 509 690 685 752; x_wconf 84' lang='lat' dir='ltr'><strong>populi</strong></span> <span class='ocrx_word' id='word_1_18' title='bbox 710 689 939 738; x_wconf 86' lang='lat' dir='ltr'><strong>Romani.</strong></span> <span class='ocrx_word' id='word_1_19' title='bbox 991 686 1215 737; x_wconf 77' lang='lat' dir='ltr'><strong>Omnium</strong></span> <span class='ocrx_word' id='word_1_20' title='bbox 1230 693 1385 751; x_wconf 73' lang='lat' dir='ltr'><strong>potes-</strong></span> 
     </span>
     <span class='ocr_line' id='line_1_5' title="bbox 320 764 1383 829; baseline -0.001 -15"><span class='ocrx_word' id='word_1_21' title='bbox 320 769 494 826; x_wconf 72' lang='lat' dir='ltr'><strong>tatem,</strong></span> <span class='ocrx_word' id='word_1_22' title='bbox 533 765 630 813; x_wconf 86' lang='lat' dir='ltr'><strong>hoc</strong></span> <span class='ocrx_word' id='word_1_23' title='bbox 671 771 771 824; x_wconf 85' lang='lat' dir='ltr'><strong>est,</strong></span> <span class='ocrx_word' id='word_1_24' title='bbox 814 779 968 829; x_wconf 90' lang='lat' dir='ltr'><strong>quam</strong></span> <span class='ocrx_word' id='word_1_25' title='bbox 1008 778 1181 813; x_wconf 86' lang='lat' dir='ltr'><strong>omues</strong></span> <span class='ocrx_word' id='word_1_26' title='bbox 1227 764 1383 813; x_wconf 90' lang='lat' dir='ltr'><strong>habe-</strong></span> 
     </span>
     <span class='ocr_line' id='line_1_6' title="bbox 320 840 1384 903; baseline -0.002 -11"><span class='ocrx_word' id='word_1_27' title='bbox 320 840 469 892; x_wconf 80' lang='lat' dir='ltr'><strong>bant.</strong></span> <span class='ocrx_word' id='word_1_28' title='bbox 501 840 767 890; x_wconf 59' lang='lat' dir='ltr'><strong>Maenas.</strong></span> <span class='ocrx_word' id='word_1_29' title='bbox 837 840 947 903; x_wconf 86' lang='lat' dir='ltr'><strong>Ego</strong></span> <span class='ocrx_word' id='word_1_30' title='bbox 970 841 1093 889; x_wconf 88' lang='lat' dir='ltr'><strong>nihil</strong></span> <span class='ocrx_word' id='word_1_31' title='bbox 1117 847 1288 902; x_wconf 90' lang='lat' dir='ltr'><strong>muto;</strong></span> <span class='ocrx_word' id='word_1_32' title='bbox 1311 841 1384 891; x_wconf 85' lang='lat' dir='ltr'><strong>sic</strong></span> 
     </span>
     <span class='ocr_line' id='line_1_7' title="bbox 315 916 1382 981; baseline -0.001 -14"><span class='ocrx_word' id='word_1_33' title='bbox 315 917 457 967; x_wconf 83' lang='lat' dir='ltr'><strong>enim</strong></span> <span class='ocrx_word' id='word_1_34' title='bbox 489 916 699 981; x_wconf 78' lang='lat' dir='ltr'><strong>scripsit</strong></span> <span class='ocrx_word' id='word_1_35' title='bbox 719 916 988 980; x_wconf 77' lang='lat' dir='ltr'><strong>Ulpianus,</strong></span> <span class='ocrx_word' id='word_1_36' title='bbox 1021 917 1037 944; x_wconf 89' lang='lat'>‘</span> <span class='ocrx_word' id='word_1_37' title='bbox 1059 917 1197 981; x_wconf 83' lang='lat' dir='ltr'><strong>Lege</strong></span> <span class='ocrx_word' id='word_1_38' title='bbox 1221 917 1382 981; x_wconf 76' lang='lat' dir='ltr'><strong>regia,</strong></span> 
     </span>
     <span class='ocr_line' id='line_1_8' title="bbox 315 992 1384 1060; baseline 0.001 -18"><span class='ocrx_word' id='word_1_39' title='bbox 315 1008 437 1060; x_wconf 79' lang='lat' dir='ltr'><strong>quae</strong></span> <span class='ocrx_word' id='word_1_40' title='bbox 478 994 543 1042; x_wconf 91' lang='lat' dir='ltr'><strong>de</strong></span> <span class='ocrx_word' id='word_1_41' title='bbox 589 993 806 1057; x_wconf 82' lang='lat' dir='ltr'><strong>imperio</strong></span> <span class='ocrx_word' id='word_1_42' title='bbox 848 993 1097 1057; x_wconf 89' lang='lat' dir='ltr'><strong>principis</strong></span> <span class='ocrx_word' id='word_1_43' title='bbox 1139 992 1244 1043; x_wconf 85' lang='lat' dir='ltr'><strong>lata</strong></span> <span class='ocrx_word' id='word_1_44' title='bbox 1284 1000 1384 1055; x_wconf 83' lang='lat' dir='ltr'><strong>est,</strong></span> 
     </span>
     <span class='ocr_line' id='line_1_9' title="bbox 316 1070 1381 1133; baseline 0.003 -16"><span class='ocrx_word' id='word_1_45' title='bbox 316 1070 538 1133; x_wconf 88' lang='lat' dir='ltr'><strong>populns</strong></span> <span class='ocrx_word' id='word_1_46' title='bbox 561 1070 611 1118; x_wconf 85' lang='lat' dir='ltr'><strong>ei</strong></span> <span class='ocrx_word' id='word_1_47' title='bbox 631 1076 687 1119; x_wconf 89' lang='lat' dir='ltr'><strong>et</strong></span> <span class='ocrx_word' id='word_1_48' title='bbox 708 1070 761 1117; x_wconf 91' lang='lat' dir='ltr'><strong>in</strong></span> <span class='ocrx_word' id='word_1_49' title='bbox 784 1084 901 1119; x_wconf 90' lang='lat' dir='ltr'><strong>eum</strong></span> <span class='ocrx_word' id='word_1_50' title='bbox 936 1085 1086 1119; x_wconf 88' lang='lat' dir='ltr'><strong>omne</strong></span> <span class='ocrx_word' id='word_1_51' title='bbox 1120 1085 1265 1119; x_wconf 85' lang='lat' dir='ltr'><strong>suum</strong></span> <span class='ocrx_word' id='word_1_52' title='bbox 1290 1071 1381 1121; x_wconf 88' lang='lat' dir='ltr'><strong>im·</strong></span> 
     </span>
     <span class='ocr_line' id='line_1_10' title="bbox 315 1147 1380 1212; baseline 0.001 -16"><span class='ocrx_word' id='word_1_53' title='bbox 315 1148 522 1212; x_wconf 89' lang='lat' dir='ltr'><strong>perium</strong></span> <span class='ocrx_word' id='word_1_54' title='bbox 544 1153 599 1197; x_wconf 93' lang='lat' dir='ltr'><strong>et</strong></span> <span class='ocrx_word' id='word_1_55' title='bbox 620 1153 931 1212; x_wconf 86' lang='lat' dir='ltr'><strong>potestatem</strong></span> <span class='ocrx_word' id='word_1_56' title='bbox 957 1147 1188 1212; x_wconf 51' lang='lat' dir='ltr'><strong>confert}</strong></span> <span class='ocrx_word' id='word_1_57' title='bbox 1212 1148 1263 1197; x_wconf 84' lang='lat' dir='ltr'><strong>id</strong></span> <span class='ocrx_word' id='word_1_58' title='bbox 1282 1155 1380 1211; x_wconf 86' lang='lat' dir='ltr'><strong>est,</strong></span> 
     </span>
     <span class='ocr_line' id='line_1_11' title="bbox 316 1223 1379 1289; baseline 0.002 -17"><span class='ocrx_word' id='word_1_59' title='bbox 316 1223 543 1287; x_wconf 74' lang='lat' dir='ltr'><strong>Omnem</strong></span> <span class='ocrx_word' id='word_1_60' title='bbox 567 1224 855 1289; x_wconf 86' lang='lat' dir='ltr'><strong>imperandi</strong></span> <span class='ocrx_word' id='word_1_61' title='bbox 869 1231 1206 1289; x_wconf 85' lang='lat' dir='ltr'><strong>potestatem,</strong></span> <span class='ocrx_word' id='word_1_62' title='bbox 1225 1240 1379 1289; x_wconf 91' lang='lat' dir='ltr'><strong>quam</strong></span> 
     </span>
     <span class='ocr_line' id='line_1_12' title="bbox 316 1301 1380 1367; baseline 0.002 -17"><span class='ocrx_word' id='word_1_63' title='bbox 316 1301 544 1364; x_wconf 83' lang='lat' dir='ltr'><strong>populus</strong></span> <span class='ocrx_word' id='word_1_64' title='bbox 570 1302 620 1349; x_wconf 89' lang='lat' dir='ltr'><strong>in</strong></span> <span class='ocrx_word' id='word_1_65' title='bbox 645 1302 784 1352; x_wconf 87' lang='lat' dir='ltr'><strong>cives</strong></span> <span class='ocrx_word' id='word_1_66' title='bbox 817 1302 1059 1367; x_wconf 87' lang='lat' dir='ltr'><strong>singulos,</strong></span> <span class='ocrx_word' id='word_1_67' title='bbox 1082 1309 1139 1352; x_wconf 87' lang='lat' dir='ltr'><strong>et</strong></span> <span class='ocrx_word' id='word_1_68' title='bbox 1171 1302 1380 1352; x_wconf 78' lang='lat' dir='ltr'><strong>in&#39;sum-</strong></span> 
     </span>
     <span class='ocr_line' id='line_1_13' title="bbox 314 1377 1375 1444; baseline 0.004 -20"><span class='ocrx_word' id='word_1_69' title='bbox 314 1390 458 1425; x_wconf 86' lang='lat' dir='ltr'><strong>mum</strong></span> <span class='ocrx_word' id='word_1_70' title='bbox 510 1377 676 1441; x_wconf 84' lang='lat' dir='ltr'><strong>ipsum</strong></span> <span class='ocrx_word' id='word_1_71' title='bbox 732 1380 1090 1444; x_wconf 85' lang='lat' dir='ltr'><strong>magistratum</strong></span> <span class='ocrx_word' id='word_1_72' title='bbox 1140 1379 1375 1428; x_wconf 83' lang='lat' dir='ltr'><strong>haberet.</strong></span> 
     </span>
     <span class='ocr_line' id='line_1_14' title="bbox 317 1452 1377 1520; baseline 0.003 -18"><span class='ocrx_word' id='word_1_73' title='bbox 317 1452 619 1505; x_wconf 73' lang='lat' dir='ltr'><strong>Vertranius.</strong></span> <span class='ocrx_word' id='word_1_74' title='bbox 687 1456 807 1505; x_wconf 90' lang='lat' dir='ltr'><strong>Non</strong></span> <span class='ocrx_word' id='word_1_75' title='bbox 829 1456 1072 1520; x_wconf 86' lang='lat' dir='ltr'><strong>displicet</strong></span> <span class='ocrx_word' id='word_1_76' title='bbox 1092 1456 1248 1506; x_wconf 83' lang='lat' dir='ltr'><strong>lectio</strong></span> <span class='ocrx_word' id='word_1_77' title='bbox 1271 1456 1377 1505; x_wconf 88' lang='lat' dir='ltr'><strong>Da·</strong></span> 
     </span>
     <span class='ocr_line' id='line_1_15' title="bbox 311 1529 1379 1598; baseline 0.004 -20"><span class='ocrx_word' id='word_1_78' title='bbox 311 1529 461 1595; x_wconf 87' lang='lat' dir='ltr'><strong>nesii,</strong></span> <span class='ocrx_word' id='word_1_79' title='bbox 474 1532 562 1596; x_wconf 90' lang='lat' dir='ltr'><strong>qui</strong></span> <span class='ocrx_word' id='word_1_80' title='bbox 585 1530 743 1582; x_wconf 85' lang='lat' dir='ltr'><strong>habet</strong></span> <span class='ocrx_word' id='word_1_81' title='bbox 765 1548 830 1581; x_wconf 85' lang='lat' dir='ltr'><strong>ex</strong></span> <span class='ocrx_word' id='word_1_82' title='bbox 852 1548 901 1583; x_wconf 87' lang='lat' dir='ltr'><strong>v.</strong></span> <span class='ocrx_word' id='word_1_83' title='bbox 917 1549 964 1584; x_wconf 91' lang='lat' dir='ltr'><strong>c.</strong></span> <span class='ocrx_word' id='word_1_84' title='bbox 996 1534 1155 1598; x_wconf 78' lang='lat' dir='ltr'><strong>Atque</strong></span> <span class='ocrx_word' id='word_1_85' title='bbox 1176 1535 1379 1582; x_wconf 74' lang='lat' dir='ltr'><strong>omnium</strong></span> 
     </span>
     <span class='ocr_line' id='line_1_16' title="bbox 305 1609 1377 1671; baseline 0.003 -16"><span class='ocrx_word' id='word_1_86' title='bbox 305 1612 609 1671; x_wconf 76' lang='lat' dir='ltr'><strong>potestatem,</strong></span> <span class='ocrx_word' id='word_1_87' title='bbox 644 1609 882 1658; x_wconf 88' lang='lat' dir='ltr'><strong>Ursinus.</strong></span> <span class='ocrx_word' id='word_1_88' title='bbox 920 1609 1059 1658; x_wconf 81' lang='lat' dir='ltr'><strong>Flor.</strong></span> <span class='ocrx_word' id='word_1_89' title='bbox 1085 1609 1272 1670; x_wconf 80' lang='lat' dir='ltr'><strong>habet3</strong></span> <span class='ocrx_word' id='word_1_90' title='bbox 1306 1614 1377 1658; x_wconf 83' lang='lat' dir='ltr'><strong>at-</strong></span> 
     </span>
     <span class='ocr_line' id='line_1_17' title="bbox 249 1686 1376 1749; baseline 0 -14"><span class='ocrx_word' id='word_1_91' title='bbox 249 1729 254 1735; x_wconf 94' lang='lat'>.</span> <span class='ocrx_word' id='word_1_92' title='bbox 309 1699 404 1747; x_wconf 80' lang='lat' dir='ltr'><strong>que</strong></span> <span class='ocrx_word' id='word_1_93' title='bbox 444 1700 627 1735; x_wconf 70' lang='lat' dir='ltr'><strong>omnem</strong></span> <span class='ocrx_word' id='word_1_94' title='bbox 661 1687 944 1749; x_wconf 79' lang='lat' dir='ltr'><strong>potentiam.</strong></span> <span class='ocrx_word' id='word_1_95' title='bbox 1009 1686 1256 1735; x_wconf 80' lang='lat' dir='ltr'><strong>Picheua.</strong></span> <span class='ocrx_word' id='word_1_96' title='bbox 1292 1686 1376 1735; x_wconf 81' lang='lat' dir='ltr'><strong>ci·</strong></span> 
     </span>
     <span class='ocr_line' id='line_1_18' title="bbox 309 1761 1379 1827; baseline 0.003 -17"><span class='ocrx_word' id='word_1_97' title='bbox 309 1774 435 1811; x_wconf 89' lang='lat' dir='ltr'><strong>cero</strong></span> <span class='ocrx_word' id='word_1_98' title='bbox 460 1761 595 1813; x_wconf 84' lang='lat' dir='ltr'><strong>Phil.</strong></span> <span class='ocrx_word' id='word_1_99' title='bbox 619 1777 659 1813; x_wconf 86' lang='lat'><strong>1.</strong></span> <span class='ocrx_word' id='word_1_100' title='bbox 693 1766 708 1791; x_wconf 91' lang='lat'>‘</span> <span class='ocrx_word' id='word_1_101' title='bbox 729 1768 795 1814; x_wconf 84' lang='lat' dir='ltr'><strong>n&#39;e</strong></span> <span class='ocrx_word' id='word_1_102' title='bbox 816 1763 1055 1827; x_wconf 83' lang='lat' dir='ltr'><strong>ignoraus</strong></span> <span class='ocrx_word' id='word_1_103' title='bbox 1079 1777 1253 1813; x_wconf 77' lang='lat' dir='ltr'><strong>verum</strong></span> <span class='ocrx_word' id='word_1_104' title='bbox 1276 1762 1379 1813; x_wconf 86' lang='lat' dir='ltr'><strong>iter</strong></span> 
     </span>
     <span class='ocr_line' id='line_1_19' title="bbox 309 1838 1376 1905; baseline 0.002 -18"><span class='ocrx_word' id='word_1_105' title='bbox 309 1838 494 1902; x_wconf 80' lang='lat' dir='ltr'><strong>gloriae</strong></span> <span class='ocrx_word' id='word_1_106' title='bbox 518 1840 793 1904; x_wconf 84' lang='lat' dir='ltr'><strong>gloriosum</strong></span> <span class='ocrx_word' id='word_1_107' title='bbox 826 1847 979 1905; x_wconf 91' lang='lat' dir='ltr'><strong>putes</strong></span> <span class='ocrx_word' id='word_1_108' title='bbox 1002 1840 1117 1904; x_wconf 87' lang='lat' dir='ltr'><strong>plus</strong></span> <span class='ocrx_word' id='word_1_109' title='bbox 1141 1847 1194 1889; x_wconf 89' lang='lat' dir='ltr'><strong>te</strong></span> <span class='ocrx_word' id='word_1_110' title='bbox 1219 1855 1376 1889; x_wconf 88' lang='lat' dir='ltr'><strong>uuum</strong></span> 
     </span>
     <span class='ocr_line' id='line_1_20' title="bbox 259 1917 1375 1981; baseline 0.002 -17"><span class='ocrx_word' id='word_1_111' title='bbox 259 1964 274 1980; x_wconf 57' lang='lat'><strong>,</strong></span> <span class='ocrx_word' id='word_1_112' title='bbox 307 1929 466 1978; x_wconf 87' lang='lat' dir='ltr'><strong>posse</strong></span> <span class='ocrx_word' id='word_1_113' title='bbox 506 1931 659 1981; x_wconf 89' lang='lat' dir='ltr'><strong>quam</strong></span> <span class='ocrx_word' id='word_1_114' title='bbox 704 1918 915 1968; x_wconf 67' lang='lat' dir='ltr'><strong>omnes!</strong></span> <span class='ocrx_word' id='word_1_115' title='bbox 987 1917 1163 1966; x_wconf 87' lang='lat' dir='ltr'><strong>Livius</strong></span> <span class='ocrx_word' id='word_1_116' title='bbox 1201 1917 1237 1965; x_wconf 90' lang='lat' dir='ltr'><strong>l.</strong></span> <span class='ocrx_word' id='word_1_117' title='bbox 1285 1930 1375 1966; x_wconf 83' lang='lat'>111.</span> 
     </span>
    </p>
   </div>
   <div class='ocr_carea' id='block_1_3' title="bbox 226 1991 1375 2059">
    <p class='ocr_par' dir='ltr' id='par_1_3' title="bbox 226 1991 1375 2059">
     <span class='ocr_line' id='line_1_21' title="bbox 226 1991 1375 2059; baseline 0.003 -20"><span class='ocrx_word' id='word_1_118' title='bbox 226 2033 230 2038; x_wconf 93' lang='lat'><em>.</em></span> <span class='ocrx_word' id='word_1_119' title='bbox 305 1991 603 2042; x_wconf 89' lang='lat' dir='ltr'><strong>‘licentiam</strong></span> <span class='ocrx_word' id='word_1_120' title='bbox 626 2008 766 2043; x_wconf 88' lang='lat' dir='ltr'><strong>suam</strong></span> <span class='ocrx_word' id='word_1_121' title='bbox 781 1996 955 2059; x_wconf 84' lang='lat' dir='ltr'><strong>malle,</strong></span> <span class='ocrx_word' id='word_1_122' title='bbox 974 2009 1127 2059; x_wconf 90' lang='lat' dir='ltr'><strong>quam</strong></span> <span class='ocrx_word' id='word_1_123' title='bbox 1151 1995 1375 2043; x_wconf 89' lang='lat' dir='ltr'><strong>omnium</strong></span> 
     </span>
    </p>
   </div>
   <div class='ocr_carea' id='block_1_4' title="bbox 292 2068 1374 4142">
    <p class='ocr_par' dir='ltr' id='par_1_4' title="bbox 292 2068 1374 4142">
     <span class='ocr_line' id='line_1_22' title="bbox 311 2068 1374 2132; baseline 0.003 -15"><span class='ocrx_word' id='word_1_124' title='bbox 311 2068 652 2120; x_wconf 67' lang='lat' dir='ltr'><strong>libertatem!</strong></span> <span class='ocrx_word' id='word_1_125' title='bbox 718 2071 837 2120; x_wconf 83' lang='lat' dir='ltr'><strong>Sive</strong></span> <span class='ocrx_word' id='word_1_126' title='bbox 858 2070 922 2121; x_wconf 85' lang='lat' dir='ltr'><strong>ab</strong></span> <span class='ocrx_word' id='word_1_127' title='bbox 943 2073 1012 2132; x_wconf 72' lang='grc' dir='ltr'><strong>τῷ</strong></span> <span class='ocrx_word' id='word_1_128' title='bbox 1031 2071 1189 2120; x_wconf 75' lang='lat' dir='ltr'><strong>omnia</strong></span> <span class='ocrx_word' id='word_1_129' title='bbox 1208 2072 1374 2120; x_wconf 86' lang='lat' dir='ltr'><strong>malis.</strong></span> 
     </span>
     <span class='ocr_line' id='line_1_23' title="bbox 307 2146 1374 2214; baseline 0 -17"><span class='ocrx_word' id='word_1_130' title='bbox 307 2146 507 2197; x_wconf 84' lang='lat' dir='ltr'><strong>Noster</strong></span> <span class='ocrx_word' id='word_1_131' title='bbox 530 2148 566 2197; x_wconf 86' lang='lat' dir='ltr'><strong>l.</strong></span> <span class='ocrx_word' id='word_1_132' title='bbox 585 2162 624 2198; x_wconf 86' lang='lat'><strong>1.</strong></span> <span class='ocrx_word' id='word_1_133' title='bbox 647 2147 664 2176; x_wconf 86' lang='lat'>‘</span> <span class='ocrx_word' id='word_1_134' title='bbox 683 2160 835 2214; x_wconf 83' lang='lat' dir='ltr'><strong>quam</strong></span> <span class='ocrx_word' id='word_1_135' title='bbox 850 2148 1136 2213; x_wconf 85' lang='lat' dir='ltr'><strong>subjectum</strong></span> <span class='ocrx_word' id='word_1_136' title='bbox 1150 2146 1374 2198; x_wconf 80' lang='lat' dir='ltr'><strong>fortunae</strong></span> 
     </span>
     <span class='ocr_line' id='line_1_24' title="bbox 307 2225 1373 2290; baseline -0.002 -13"><span class='ocrx_word' id='word_1_137' title='bbox 307 2225 530 2290; x_wconf 76' lang='lat' dir='ltr'><strong>regendi</strong></span> <span class='ocrx_word' id='word_1_138' title='bbox 550 2232 741 2276; x_wconf 89' lang='lat' dir='ltr'><strong>cuncta</strong></span> <span class='ocrx_word' id='word_1_139' title='bbox 762 2241 908 2289; x_wconf 89' lang='lat' dir='ltr'><strong>onus,</strong></span> <span class='ocrx_word' id='word_1_140' title='bbox 932 2225 1151 2290; x_wconf 78' lang='lat' dir='ltr'><strong>proinde</strong></span> <span class='ocrx_word' id='word_1_141' title='bbox 1174 2226 1225 2275; x_wconf 87' lang='lat' dir='ltr'><strong>in</strong></span> <span class='ocrx_word' id='word_1_142' title='bbox 1250 2226 1373 2276; x_wconf 88' lang='lat' dir='ltr'><strong>civi·</strong></span> 
     </span>
     <span class='ocr_line' id='line_1_25' title="bbox 305 2300 1372 2354; baseline 0.002 -3"><span class='ocrx_word' id='word_1_143' title='bbox 305 2306 417 2352; x_wconf 85' lang='lat' dir='ltr'><strong>tate</strong></span> <span class='ocrx_word' id='word_1_144' title='bbox 441 2301 522 2352; x_wconf 66' lang='lat' dir='ltr'><strong>tot</strong></span> <span class='ocrx_word' id='word_1_145' title='bbox 549 2302 838 2353; x_wconf 78' lang='lat' dir='ltr'><strong>illustribus</strong></span> <span class='ocrx_word' id='word_1_146' title='bbox 865 2303 993 2353; x_wconf 78' lang='lat' dir='ltr'><strong>viris</strong></span> <span class='ocrx_word' id='word_1_147' title='bbox 1030 2300 1372 2354; x_wconf 63' lang='lat' dir='ltr'><strong>subnixa&#39;non</strong></span> 
     </span>
     <span class='ocr_line' id='line_1_26' title="bbox 305 2360 1374 2434; baseline 0.004 -6"><span class='ocrx_word' id='word_1_148' title='bbox 305 2379 375 2428; x_wconf 75' lang='lat' dir='ltr'><strong>ad</strong></span> <span class='ocrx_word' id='word_1_149' title='bbox 408 2360 564 2430; x_wconf 72' lang='grc' dir='ltr'><strong>ιιηιῗῖιι</strong></span> <span class='ocrx_word' id='word_1_150' title='bbox 600 2382 771 2430; x_wconf 86' lang='lat' dir='ltr'><strong>omnia</strong></span> <span class='ocrx_word' id='word_1_151' title='bbox 809 2379 1105 2432; x_wconf 62' lang='lat' dir='ltr'><strong>deferrent?</strong></span> <span class='ocrx_word' id='word_1_152' title='bbox 1170 2382 1374 2434; x_wconf 82' lang='lat' dir='ltr'><strong>Quinti·</strong></span> 
     </span>
     <span class='ocr_line' id='line_1_27' title="bbox 300 2455 1372 2511; baseline 0.007 -7"><span class='ocrx_word' id='word_1_153' title='bbox 300 2455 469 2506; x_wconf 86' lang='lat' dir='ltr'><strong>lianus</strong></span> <span class='ocrx_word' id='word_1_154' title='bbox 503 2457 635 2509; x_wconf 88' lang='lat' dir='ltr'><strong>Inst.</strong></span> <span class='ocrx_word' id='word_1_155' title='bbox 659 2472 736 2509; x_wconf 79' lang='lat' dir='ltr'><strong>vr.</strong></span> <span class='ocrx_word' id='word_1_156' title='bbox 762 2463 808 2508; x_wconf 87' lang='lat'><strong>1.</strong></span> <span class='ocrx_word' id='word_1_157' title='bbox 842 2460 858 2487; x_wconf 76' lang='lat'><strong><em>⁴</em></strong></span> <span class='ocrx_word' id='word_1_158' title='bbox 876 2474 994 2509; x_wconf 89' lang='lat' dir='ltr'><strong>cum</strong></span> <span class='ocrx_word' id='word_1_159' title='bbox 1029 2459 1202 2509; x_wconf 87' lang='lat' dir='ltr'><strong>omnia</strong></span> <span class='ocrx_word' id='word_1_160' title='bbox 1229 2474 1372 2511; x_wconf 81' lang='lat' dir='ltr'><strong>curae</strong></span> 
     </span>
     <span class='ocr_line' id='line_1_28' title="bbox 303 2532 1270 2599; baseline 0.004 -17"><span class='ocrx_word' id='word_1_161' title='bbox 303 2532 590 2599; x_wconf 65' lang='lat' dir='ltr'><strong>tutelaeque</strong></span> <span class='ocrx_word' id='word_1_162' title='bbox 612 2534 760 2584; x_wconf 85' lang='lat' dir='ltr'><strong>unius</strong></span> <span class='ocrx_word' id='word_1_163' title='bbox 782 2533 997 2586; x_wconf 63' lang='lat' dir='ltr'><strong>innixa!</strong></span> <span class='ocrx_word' id='word_1_164' title='bbox 1063 2536 1270 2586; x_wconf 72' lang='lat' dir='ltr'><strong>Gronov.</strong></span> 
     </span>
     <span class='ocr_line' id='line_1_29' title="bbox 367 2608 1373 2677; baseline 0.003 -18"><span class='ocrx_word' id='word_1_165' title='bbox 367 2608 635 2676; x_wconf 78' lang='lat' dir='ltr'><strong>Ambitioni</strong></span> <span class='ocrx_word' id='word_1_166' title='bbox 656 2612 903 2676; x_wconf 80' lang='lat' dir='ltr'><strong>scriptoris</strong></span> <span class='ocrx_word' id='word_1_167' title='bbox 915 2610 1068 2671; x_wconf 82' lang='lat' dir='ltr'><strong>facile</strong></span> <span class='ocrx_word' id='word_1_168' title='bbox 1087 2612 1373 2677; x_wconf 70' lang='lat' dir='ltr'><strong>adverseris]</strong></span> 
     </span>
     <span class='ocr_line' id='line_1_30' title="bbox 304 2684 1369 2752; baseline 0.003 -16"><span class='ocrx_word' id='word_1_169' title='bbox 304 2687 553 2752; x_wconf 85' lang='lat' dir='ltr'><strong>Reposui‚</strong></span> <span class='ocrx_word' id='word_1_170' title='bbox 574 2687 669 2738; x_wconf 79' lang='lat' dir='ltr'><strong>Sed</strong></span> <span class='ocrx_word' id='word_1_171' title='bbox 694 2684 995 2738; x_wconf 70' lang='lat' dir='ltr'><strong>ambitionem</strong></span> <span class='ocrx_word' id='word_1_172' title='bbox 1016 2689 1262 2752; x_wconf 79' lang='lat' dir='ltr'><strong>scriptoris</strong></span> <span class='ocrx_word' id='word_1_173' title='bbox 1284 2687 1369 2749; x_wconf 84' lang='lat' dir='ltr'><strong>fa-</strong></span> 
     </span>
     <span class='ocr_line' id='line_1_31' title="bbox 299 2762 1371 2815; baseline 0.002 -3"><span class='ocrx_word' id='word_1_174' title='bbox 299 2762 391 2812; x_wconf 80' lang='lat' dir='ltr'><strong>cile</strong></span> <span class='ocrx_word' id='word_1_175' title='bbox 407 2764 672 2814; x_wconf 70' lang='lat' dir='ltr'><strong>adverseris</strong></span> <span class='ocrx_word' id='word_1_176' title='bbox 686 2783 704 2815; x_wconf 89' lang='lat'><strong>.·</strong></span> <span class='ocrx_word' id='word_1_177' title='bbox 736 2778 856 2813; x_wconf 88' lang='lat' dir='ltr'><strong>nam</strong></span> <span class='ocrx_word' id='word_1_178' title='bbox 876 2765 1094 2815; x_wconf 77' lang='lat' dir='ltr'><strong>Tacitus</strong></span> <span class='ocrx_word' id='word_1_179' title='bbox 1117 2766 1254 2814; x_wconf 85' lang='lat' dir='ltr'><strong>solet</strong></span> <span class='ocrx_word' id='word_1_180' title='bbox 1272 2765 1371 2814; x_wconf 84' lang='lat' dir='ltr'><strong>hoc</strong></span> 
     </span>
     <span class='ocr_line' id='line_1_32' title="bbox 299 2841 1369 2909; baseline 0.003 -19"><span class='ocrx_word' id='word_1_181' title='bbox 299 2841 519 2891; x_wconf 84' lang='lat' dir='ltr'><strong>verbum</strong></span> <span class='ocrx_word' id='word_1_182' title='bbox 553 2857 668 2892; x_wconf 88' lang='lat' dir='ltr'><strong>cum</strong></span> <span class='ocrx_word' id='word_1_183' title='bbox 705 2843 1002 2893; x_wconf 87' lang='lat' dir='ltr'><strong>accusativo</strong></span> <span class='ocrx_word' id='word_1_184' title='bbox 1033 2843 1369 2909; x_wconf 79' lang='lat' dir='ltr'><strong>conjungere.</strong></span> 
     </span>
     <span class='ocr_line' id='line_1_33' title="bbox 298 2916 1371 2969; baseline 0.003 -3"><span class='ocrx_word' id='word_1_185' title='bbox 298 2916 387 2967; x_wconf 86' lang='lat' dir='ltr'><strong>Sic</strong></span> <span class='ocrx_word' id='word_1_186' title='bbox 408 2916 577 2968; x_wconf 81' lang='lat' dir='ltr'><strong>iufra:</strong></span> <span class='ocrx_word' id='word_1_187' title='bbox 610 2918 626 2945; x_wconf 80' lang='lat'><em>⁴</em></span> <span class='ocrx_word' id='word_1_188' title='bbox 646 2918 866 2968; x_wconf 82' lang='lat' dir='ltr'><strong>Vidistis</strong></span> <span class='ocrx_word' id='word_1_189' title='bbox 882 2918 1257 2969; x_wconf 78' lang='lat' dir='ltr'><strong>commilitones</strong></span> <span class='ocrx_word' id='word_1_190' title='bbox 1277 2932 1371 2969; x_wconf 90' lang='lat' dir='ltr'><strong>no·</strong></span> 
     </span>
     <span class='ocr_line' id='line_1_34' title="bbox 306 2990 1369 3058; baseline 0.005 -17"><span class='ocrx_word' id='word_1_191' title='bbox 306 2990 460 3042; x_wconf 87' lang='lat' dir='ltr'><strong>tabili</strong></span> <span class='ocrx_word' id='word_1_192' title='bbox 498 2999 813 3058; x_wconf 79' lang='lat' dir='ltr'><strong>tempestate</strong></span> <span class='ocrx_word' id='word_1_193' title='bbox 837 2996 998 3045; x_wconf 85' lang='lat' dir='ltr'><strong>etiam</strong></span> <span class='ocrx_word' id='word_1_194' title='bbox 1018 2996 1143 3046; x_wconf 90' lang='lat' dir='ltr'><strong>deos</strong></span> <span class='ocrx_word' id='word_1_195' title='bbox 1179 2995 1369 3046; x_wconf 85' lang='lat' dir='ltr'><strong>infaus-</strong></span> 
     </span>
     <span class='ocr_line' id='line_1_35' title="bbox 306 3069 1370 3135; baseline 0.005 -17"><span class='ocrx_word' id='word_1_196' title='bbox 306 3076 417 3119; x_wconf 84' lang='lat' dir='ltr'><strong>tam</strong></span> <span class='ocrx_word' id='word_1_197' title='bbox 441 3069 773 3135; x_wconf 87' lang='lat' dir='ltr'><strong>adoptionem</strong></span> <span class='ocrx_word' id='word_1_198' title='bbox 799 3072 1172 3123; x_wconf 66' lang='lat' dir='ltr'><strong>adversantes!</strong></span> <span class='ocrx_word' id='word_1_199' title='bbox 1212 3074 1370 3123; x_wconf 87' lang='lat' dir='ltr'><strong>Libro</strong></span> 
     </span>
     <span class='ocr_line' id='line_1_36' title="bbox 298 3144 1371 3200; baseline 0.004 -5"><span class='ocrx_word' id='word_1_200' title='bbox 298 3145 491 3197; x_wconf 84' lang='lat' dir='ltr'><strong>Annal.</strong></span> <span class='ocrx_word' id='word_1_201' title='bbox 537 3160 576 3197; x_wconf 89' lang='grc' dir='ltr'><strong>ι.</strong></span> <span class='ocrx_word' id='word_1_202' title='bbox 629 3148 768 3198; x_wconf 82' lang='lat' dir='ltr'><strong>‘Sua</strong></span> <span class='ocrx_word' id='word_1_203' title='bbox 814 3144 1060 3198; x_wconf 77' lang='lat' dir='ltr'><strong>facinora&#39;</strong></span> <span class='ocrx_word' id='word_1_204' title='bbox 1105 3149 1371 3200; x_wconf 83' lang='lat' dir='ltr'><strong>adversari</strong></span> 
     </span>
     <span class='ocr_line' id='line_1_37' title="bbox 297 3224 1369 3276; baseline 0 -2"><span class='ocrx_word' id='word_1_205' title='bbox 297 3224 447 3274; x_wconf 85' lang='lat' dir='ltr'><strong>Deos</strong></span> <span class='ocrx_word' id='word_1_206' title='bbox 498 3225 882 3276; x_wconf 69' lang='lat' dir='ltr'><strong>lamentantur-,³</strong></span> <span class='ocrx_word' id='word_1_207' title='bbox 950 3226 1172 3275; x_wconf 78' lang='lat' dir='ltr'><strong>Rursum</strong></span> <span class='ocrx_word' id='word_1_208' title='bbox 1222 3224 1369 3275; x_wconf 87' lang='lat' dir='ltr'><strong>Hist.</strong></span> 
     </span>
     <span class='ocr_line' id='line_1_38' title="bbox 294 3300 1367 3367; baseline 0.004 -18"><span class='ocrx_word' id='word_1_209' title='bbox 294 3300 335 3349; x_wconf 88' lang='lat'><strong>1.</strong></span> <span class='ocrx_word' id='word_1_210' title='bbox 373 3314 464 3350; x_wconf 86' lang='lat'>111.</span> <span class='ocrx_word' id='word_1_211' title='bbox 501 3303 518 3329; x_wconf 86' lang='lat'>‘</span> <span class='ocrx_word' id='word_1_212' title='bbox 537 3301 680 3352; x_wconf 83' lang='lat' dir='ltr'><strong>Voce</strong></span> <span class='ocrx_word' id='word_1_213' title='bbox 714 3300 875 3352; x_wconf 87' lang='lat' dir='ltr'><strong>flebili</strong></span> <span class='ocrx_word' id='word_1_214' title='bbox 914 3302 1225 3367; x_wconf 74' lang='lat' dir='ltr'><strong>precabatur</strong></span> <span class='ocrx_word' id='word_1_215' title='bbox 1261 3300 1367 3367; x_wconf 85' lang='lat' dir='ltr'><strong>pla·</strong></span> 
     </span>
     <span class='ocr_line' id='line_1_39' title="bbox 298 3379 1371 3444; baseline 0.001 -15"><span class='ocrx_word' id='word_1_216' title='bbox 298 3383 446 3429; x_wconf 77' lang='lat' dir='ltr'><strong>catos</strong></span> <span class='ocrx_word' id='word_1_217' title='bbox 470 3379 634 3443; x_wconf 83' lang='lat' dir='ltr'><strong>patris</strong></span> <span class='ocrx_word' id='word_1_218' title='bbox 667 3394 843 3429; x_wconf 88' lang='lat' dir='ltr'><strong>manes</strong></span> <span class='ocrx_word' id='word_1_219' title='bbox 880 3395 1012 3430; x_wconf 86' lang='lat' dir='ltr'><strong>neve</strong></span> <span class='ocrx_word' id='word_1_220' title='bbox 1051 3395 1106 3429; x_wconf 87' lang='lat' dir='ltr'><strong>se</strong></span> <span class='ocrx_word' id='word_1_221' title='bbox 1129 3386 1190 3430; x_wconf 87' lang='lat' dir='ltr'><strong>ut</strong></span> <span class='ocrx_word' id='word_1_222' title='bbox 1208 3381 1371 3444; x_wconf 84' lang='lat' dir='ltr'><strong>parri·</strong></span> 
     </span>
     <span class='ocr_line' id='line_1_40' title="bbox 300 3453 1367 3507; baseline 0.003 -3"><span class='ocrx_word' id='word_1_223' title='bbox 300 3453 472 3504; x_wconf 82' lang='lat' dir='ltr'><strong>eidam</strong></span> <span class='ocrx_word' id='word_1_224' title='bbox 509 3455 947 3506; x_wconf 68' lang='lat' dir='ltr'><strong>adversarentur!</strong></span> <span class='ocrx_word' id='word_1_225' title='bbox 1014 3456 1155 3506; x_wconf 88' lang='lat' dir='ltr'><strong>Hist.</strong></span> <span class='ocrx_word' id='word_1_226' title='bbox 1176 3457 1269 3506; x_wconf 85' lang='lat' dir='ltr'><strong>lib.</strong></span> <span class='ocrx_word' id='word_1_227' title='bbox 1291 3471 1367 3507; x_wconf 75' lang='lat' dir='ltr'><strong>iv.</strong></span> 
     </span>
     <span class='ocr_line' id='line_1_41' title="bbox 296 3531 1367 3597; baseline 0.003 -17"><span class='ocrx_word' id='word_1_228' title='bbox 296 3532 314 3560; x_wconf 86' lang='lat'>‘</span> <span class='ocrx_word' id='word_1_229' title='bbox 340 3531 543 3595; x_wconf 85' lang='lat' dir='ltr'><strong>Vulgus</strong></span> <span class='ocrx_word' id='word_1_230' title='bbox 586 3532 851 3582; x_wconf 79' lang='lat' dir='ltr'><strong>adversari</strong></span> <span class='ocrx_word' id='word_1_231' title='bbox 895 3546 1090 3597; x_wconf 84' lang='lat' dir='ltr'><strong>regem,</strong></span> <span class='ocrx_word' id='word_1_232' title='bbox 1132 3533 1367 3583; x_wconf 86' lang='lat' dir='ltr'><strong>invidere</strong></span> 
     </span>
     <span class='ocr_line' id='line_1_42' title="bbox 298 3606 1368 3675; baseline 0.002 -18"><span class='ocrx_word' id='word_1_233' title='bbox 298 3606 551 3672; x_wconf 79' lang='lat' dir='ltr'><strong>AEgypto,</strong></span> <span class='ocrx_word' id='word_1_234' title='bbox 577 3609 677 3659; x_wconf 87' lang='lat' dir='ltr'><strong>sibi</strong></span> <span class='ocrx_word' id='word_1_235' title='bbox 714 3616 968 3671; x_wconf 88' lang='lat' dir='ltr'><strong>metuere,</strong></span> <span class='ocrx_word' id='word_1_236' title='bbox 1014 3610 1368 3675; x_wconf 86' lang='lat' dir='ltr'><strong>templumque</strong></span> 
     </span>
     <span class='ocr_line' id='line_1_43' title="bbox 296 3684 1368 3736; baseline 0.002 -2"><span class='ocrx_word' id='word_1_237' title='bbox 296 3684 710 3736; x_wconf 67' lang='lat' dir='ltr'><strong>circumsidere!</strong></span> <span class='ocrx_word' id='word_1_238' title='bbox 776 3686 1051 3736; x_wconf 65' lang='lat' dir='ltr'><strong>Rhenanus.</strong></span> <span class='ocrx_word' id='word_1_239' title='bbox 1128 3686 1368 3736; x_wconf 82' lang='lat' dir='ltr'><strong>Mutave-</strong></span> 
     </span>
     <span class='ocr_line' id='line_1_44' title="bbox 292 3762 1367 3826; baseline 0.003 -15"><span class='ocrx_word' id='word_1_240' title='bbox 292 3766 381 3812; x_wconf 81' lang='lat' dir='ltr'><strong>rat</strong></span> <span class='ocrx_word' id='word_1_241' title='bbox 404 3762 668 3826; x_wconf 83' lang='lat' dir='ltr'><strong>Muretus,</strong></span> <span class='ocrx_word' id='word_1_242' title='bbox 690 3764 976 3813; x_wconf 78' lang='lat' dir='ltr'><strong>adverteris.-</strong></span> <span class='ocrx_word' id='word_1_243' title='bbox 998 3764 1150 3814; x_wconf 82' lang='lat' dir='ltr'><strong>male.</strong></span> <span class='ocrx_word' id='word_1_244' title='bbox 1214 3763 1367 3816; x_wconf 80' lang='lat' dir='ltr'><strong>Quod</strong></span> 
     </span>
     <span class='ocr_line' id='line_1_45' title="bbox 292 3836 1368 3905; baseline 0.005 -18"><span class='ocrx_word' id='word_1_245' title='bbox 292 3838 339 3888; x_wconf 79' lang='lat' dir='ltr'><strong>si</strong></span> <span class='ocrx_word' id='word_1_246' title='bbox 362 3836 493 3904; x_wconf 85' lang='lat' dir='ltr'><strong>quid</strong></span> <span class='ocrx_word' id='word_1_247' title='bbox 511 3844 646 3888; x_wconf 65' lang='lat' dir='ltr'><strong>*erat</strong></span> <span class='ocrx_word' id='word_1_248' title='bbox 678 3840 1003 3904; x_wconf 85' lang='lat' dir='ltr'><strong>mutandum,</strong></span> <span class='ocrx_word' id='word_1_249' title='bbox 1043 3841 1216 3905; x_wconf 88' lang='lat' dir='ltr'><strong>potius</strong></span> <span class='ocrx_word' id='word_1_250' title='bbox 1236 3857 1368 3892; x_wconf 81' lang='lat' dir='ltr'><strong>aver-</strong></span> 
     </span>
     <span class='ocr_line' id='line_1_46' title="bbox 293 3916 1369 3980; baseline 0.005 -14"><span class='ocrx_word' id='word_1_251' title='bbox 293 3917 434 3980; x_wconf 74' lang='lat' dir='ltr'><strong>teris,</strong></span> <span class='ocrx_word' id='word_1_252' title='bbox 452 3916 538 3965; x_wconf 75' lang='lat' dir='ltr'><strong>vel</strong></span> <span class='ocrx_word' id='word_1_253' title='bbox 562 3917 807 3967; x_wconf 68' lang='lat' dir='ltr'><strong>averseris.</strong></span> <span class='ocrx_word' id='word_1_254' title='bbox 872 3917 977 3967; x_wconf 73' lang='lat' dir='ltr'><strong>Sed</strong></span> <span class='ocrx_word' id='word_1_255' title='bbox 999 3933 1103 3969; x_wconf 89' lang='lat' dir='ltr'><strong>uon</strong></span> <span class='ocrx_word' id='word_1_256' title='bbox 1125 3925 1243 3970; x_wconf 92' lang='lat' dir='ltr'><strong>erat</strong></span> <span class='ocrx_word' id='word_1_257' title='bbox 1273 3922 1369 3970; x_wconf 77' lang='lat' dir='ltr'><strong>Ta·</strong></span> 
     </span>
     <span class='ocr_line' id='line_1_47' title="bbox 295 3985 1368 4061; baseline 0.005 -18"><span class='ocrx_word' id='word_1_258' title='bbox 295 3993 395 4043; x_wconf 88' lang='lat' dir='ltr'><strong>citi</strong></span> <span class='ocrx_word' id='word_1_259' title='bbox 430 3993 522 4042; x_wconf 88' lang='lat' dir='ltr'><strong>illa</strong></span> <span class='ocrx_word' id='word_1_260' title='bbox 564 3994 777 4058; x_wconf 86' lang='lat' dir='ltr'><strong>propria</strong></span> <span class='ocrx_word' id='word_1_261' title='bbox 822 3985 1055 4059; x_wconf 72' lang='lat' dir='ltr'><strong>phrasis:</strong></span> <span class='ocrx_word' id='word_1_262' title='bbox 1105 3997 1203 4047; x_wconf 87' lang='lat' dir='ltr'><strong>hoc</strong></span> <span class='ocrx_word' id='word_1_263' title='bbox 1251 3997 1368 4061; x_wconf 82' lang='lat' dir='ltr'><strong>ipso</strong></span> 
     </span>
     <span class='ocr_line' id='line_1_48' title="bbox 293 4070 1367 4142; baseline 0.004 -20"><span class='ocrx_word' id='word_1_264' title='bbox 293 4072 429 4124; x_wconf 85' lang='lat' dir='ltr'><strong>libro</strong></span> <span class='ocrx_word' id='word_1_265' title='bbox 474 4070 613 4121; x_wconf 83' lang='lat' dir='ltr'><strong>infra</strong></span> <span class='ocrx_word' id='word_1_266' title='bbox 632 4089 646 4122; x_wconf 70' lang='grc' dir='ltr'><strong>ι</strong></span> <span class='ocrx_word' id='word_1_267' title='bbox 665 4072 696 4110; x_wconf 81' lang='lat'><strong>-‘</strong></span> <span class='ocrx_word' id='word_1_268' title='bbox 715 4072 858 4123; x_wconf 86' lang='lat' dir='ltr'><strong>Deos</strong></span> <span class='ocrx_word' id='word_1_269' title='bbox 895 4072 1175 4125; x_wconf 78' lang='lat' dir='ltr'><strong>infaustam</strong></span> <span class='ocrx_word' id='word_1_270' title='bbox 1206 4075 1367 4142; x_wconf 85' lang='lat' dir='ltr'><strong>adop·</strong></span> 
     </span>
    </p>
   </div>
   <div class='ocr_carea' id='block_1_5' title="bbox 216 4144 1368 4202">
    <p class='ocr_par' dir='ltr' id='par_1_5' title="bbox 216 4144 1368 4202">
     <span class='ocr_line' id='line_1_49' title="bbox 216 4144 1368 4202; baseline 0.002 -2"><span class='ocrx_word' id='word_1_271' title='bbox 216 4166 222 4174; x_wconf 74' lang='grc'><strong>’</strong></span> <span class='ocrx_word' id='word_1_272' title='bbox 292 4149 493 4200; x_wconf 88' lang='lat' dir='ltr'><strong>tionem</strong></span> <span class='ocrx_word' id='word_1_273' title='bbox 531 4147 908 4201; x_wconf 62' lang='lat' dir='ltr'><strong>adversantes!</strong></span> <span class='ocrx_word' id='word_1_274' title='bbox 946 4144 950 4149; x_wconf 72' lang='grc'>’</span> <span class='ocrx_word' id='word_1_275' title='bbox 988 4151 1238 4201; x_wconf 84' lang='lat' dir='ltr'><strong>Ceterum</strong></span> <span class='ocrx_word' id='word_1_276' title='bbox 1276 4167 1368 4202; x_wconf 88' lang='lat' dir='ltr'><strong>no·</strong></span> 
     </span>
    </p>
   </div>
   <div class='ocr_carea' id='block_1_6' title="bbox 294 4225 1368 4368">
    <p class='ocr_par' dir='ltr' id='par_1_6' title="bbox 294 4225 1368 4368">
     <span class='ocr_line' id='line_1_50' title="bbox 294 4225 1368 4296; baseline 0.003 -20"><span class='ocrx_word' id='word_1_277' title='bbox 294 4225 431 4276; x_wconf 86' lang='lat' dir='ltr'><strong>tabis</strong></span> <span class='ocrx_word' id='word_1_278' title='bbox 474 4225 776 4275; x_wconf 69' lang='lat' dir='ltr'><strong>ambitionem</strong></span> <span class='ocrx_word' id='word_1_279' title='bbox 825 4228 1036 4296; x_wconf 63' lang='lat' dir='ltr'><strong>rariore</strong></span> <span class='ocrx_word' id='word_1_280' title='bbox 1077 4227 1368 4293; x_wconf 81' lang='lat' dir='ltr'><strong>significatu</strong></span> 
     </span>
     <span class='ocr_line' id='line_1_51' title="bbox 294 4302 1368 4368; baseline 0.005 -15"><span class='ocrx_word' id='word_1_281' title='bbox 294 4303 382 4354; x_wconf 78' lang='lat' dir='ltr'><strong>hic</strong></span> <span class='ocrx_word' id='word_1_282' title='bbox 417 4314 515 4368; x_wconf 87' lang='lat' dir='ltr'><strong>pro</strong></span> <span class='ocrx_word' id='word_1_283' title='bbox 560 4302 905 4359; x_wconf 71' lang='lat' dir='ltr'><strong>assentatione</strong></span> <span class='ocrx_word' id='word_1_284' title='bbox 940 4305 1027 4355; x_wconf 80' lang='lat' dir='ltr'><strong>vel</strong></span> <span class='ocrx_word' id='word_1_285' title='bbox 1070 4305 1368 4358; x_wconf 78' lang='lat' dir='ltr'><strong>adulatione</strong></span> 
     </span>
    </p>
   </div>
   <div class='ocr_carea' id='block_1_7' title="bbox 613 4418 641 4443">
    <p class='ocr_par' dir='ltr' id='par_1_7' title="bbox 613 4418 641 4443">
     <span class='ocr_line' id='line_1_52' title="bbox 613 4418 641 4443; baseline 0 0"><span class='ocrx_word' id='word_1_286' title='bbox 613 4418 641 4443; x_wconf 54' lang='lat' dir='ltr'>S</span> 
     </span>
    </p>
   </div>
   <div class='ocr_carea' id='block_1_8' title="bbox 1455 519 2523 1289">
    <p class='ocr_par' dir='ltr' id='par_1_8' title="bbox 1455 519 2523 1289">
     <span class='ocr_line' id='line_1_53' title="bbox 1462 519 2521 602; baseline 0.006 -19"><span class='ocrx_word' id='word_1_287' title='bbox 1462 535 1602 598; x_wconf 88' lang='lat' dir='ltr'><strong>poni.</strong></span> <span class='ocrx_word' id='word_1_288' title='bbox 1671 534 1735 585; x_wconf 85' lang='lat' dir='ltr'><strong>Id</strong></span> <span class='ocrx_word' id='word_1_289' title='bbox 1774 541 1926 600; x_wconf 84' lang='lat' dir='ltr'><strong>patet</strong></span> <span class='ocrx_word' id='word_1_290' title='bbox 1946 549 2063 588; x_wconf 89' lang='lat' dir='ltr'><strong>cum</strong></span> <span class='ocrx_word' id='word_1_291' title='bbox 2076 519 2162 586; x_wconf 54' lang='lat' dir='ltr'><strong>&#39;ex&#39;</strong></span> <span class='ocrx_word' id='word_1_292' title='bbox 2184 536 2421 602; x_wconf 84' lang='lat' dir='ltr'><strong>proxime</strong></span> <span class='ocrx_word' id='word_1_293' title='bbox 2442 551 2521 589; x_wconf 89' lang='lat' dir='ltr'><strong>se·</strong></span> 
     </span>
     <span class='ocr_line' id='line_1_54' title="bbox 1460 611 2523 677; baseline 0.005 -18"><span class='ocrx_word' id='word_1_294' title='bbox 1460 611 1766 675; x_wconf 83' lang='lat' dir='ltr'><strong>quentibus:</strong></span> <span class='ocrx_word' id='word_1_295' title='bbox 1819 613 2061 677; x_wconf 84' lang='lat' dir='ltr'><strong>‘Quippe</strong></span> <span class='ocrx_word' id='word_1_296' title='bbox 2104 613 2388 664; x_wconf 83' lang='lat' dir='ltr'><strong>adulationi</strong></span> <span class='ocrx_word' id='word_1_297' title='bbox 2427 612 2523 664; x_wconf 82' lang='lat' dir='ltr'><strong>foe-</strong></span> 
     </span>
     <span class='ocr_line' id='line_1_55' title="bbox 1460 688 2521 756; baseline 0.006 -20"><span class='ocrx_word' id='word_1_298' title='bbox 1460 688 1581 737; x_wconf 90' lang='lat' dir='ltr'><strong>dum</strong></span> <span class='ocrx_word' id='word_1_299' title='bbox 1626 691 1819 738; x_wconf 86' lang='lat' dir='ltr'><strong>crimen</strong></span> <span class='ocrx_word' id='word_1_300' title='bbox 1873 690 2158 752; x_wconf 84' lang='lat' dir='ltr'><strong>servitutis,</strong></span> <span class='ocrx_word' id='word_1_301' title='bbox 2208 692 2521 756; x_wconf 82' lang='lat' dir='ltr'><strong>malignitati</strong></span> 
     </span>
     <span class='ocr_line' id='line_1_56' title="bbox 1458 763 2521 829; baseline 0.004 -15"><span class='ocrx_word' id='word_1_302' title='bbox 1458 763 1588 814; x_wconf 83' lang='lat' dir='ltr'><strong>falsa</strong></span> <span class='ocrx_word' id='word_1_303' title='bbox 1604 766 1805 829; x_wconf 87' lang='lat' dir='ltr'><strong>species</strong></span> <span class='ocrx_word' id='word_1_304' title='bbox 1830 766 2081 816; x_wconf 80' lang='lat' dir='ltr'><strong>libertatis</strong></span> <span class='ocrx_word' id='word_1_305' title='bbox 2104 767 2236 816; x_wconf 88' lang='lat' dir='ltr'><strong>inest</strong></span> <span class='ocrx_word' id='word_1_306' title='bbox 2256 767 2291 816; x_wconf 88' lang='lat'><strong>:&#39;</strong></span> <span class='ocrx_word' id='word_1_307' title='bbox 2327 775 2435 817; x_wconf 89' lang='lat' dir='ltr'><strong>tum</strong></span> <span class='ocrx_word' id='word_1_308' title='bbox 2453 783 2521 818; x_wconf 79' lang='lat' dir='ltr'><strong>ex</strong></span> 
     </span>
     <span class='ocr_line' id='line_1_57' title="bbox 1458 842 2518 907; baseline 0.003 -16"><span class='ocrx_word' id='word_1_309' title='bbox 1458 843 1903 907; x_wconf 79' lang='lat' dir='ltr'><strong>praecedentibus:</strong></span> <span class='ocrx_word' id='word_1_310' title='bbox 1937 846 1952 871; x_wconf 90' lang='lat'>‘</span> <span class='ocrx_word' id='word_1_311' title='bbox 1969 858 2088 892; x_wconf 83' lang='lat' dir='ltr'><strong>mox</strong></span> <span class='ocrx_word' id='word_1_312' title='bbox 2113 842 2323 892; x_wconf 90' lang='lat' dir='ltr'><strong>libidine</strong></span> <span class='ocrx_word' id='word_1_313' title='bbox 2346 859 2518 894; x_wconf 85' lang='lat' dir='ltr'><strong>assen-</strong></span> 
     </span>
     <span class='ocr_line' id='line_1_58' title="bbox 1456 919 2518 981; baseline 0.003 -12"><span class='ocrx_word' id='word_1_314' title='bbox 1456 919 1639 981; x_wconf 87' lang='lat' dir='ltr'><strong>tandi,’</strong></span> <span class='ocrx_word' id='word_1_315' title='bbox 1695 919 2039 970; x_wconf 86' lang='lat' dir='ltr'><strong>adulationem</strong></span> <span class='ocrx_word' id='word_1_316' title='bbox 2084 927 2140 969; x_wconf 86' lang='lat' dir='ltr'><strong>et</strong></span> <span class='ocrx_word' id='word_1_317' title='bbox 2184 921 2518 972; x_wconf 89' lang='lat' dir='ltr'><strong>ambitionem</strong></span> 
     </span>
     <span class='ocr_line' id='line_1_59' title="bbox 1456 995 2522 1062; baseline -0.001 -15"><span class='ocrx_word' id='word_1_318' title='bbox 1456 997 1871 1062; x_wconf 74' lang='lat' dir='ltr'><strong>deprehendens,</strong></span> <span class='ocrx_word' id='word_1_319' title='bbox 1894 996 2068 1047; x_wconf 90' lang='lat' dir='ltr'><strong>Sedet</strong></span> <span class='ocrx_word' id='word_1_320' title='bbox 2089 995 2522 1047; x_wconf 75' lang='lat' dir='ltr'><strong>ambitiosumitem</strong></span> 
     </span>
     <span class='ocr_line' id='line_1_60' title="bbox 1455 1071 2517 1140; baseline 0 -17"><span class='ocrx_word' id='word_1_321' title='bbox 1455 1088 1552 1139; x_wconf 90' lang='lat' dir='ltr'><strong>pro</strong></span> <span class='ocrx_word' id='word_1_322' title='bbox 1583 1075 1941 1124; x_wconf 84' lang='lat' dir='ltr'><strong>assentatorio.</strong></span> <span class='ocrx_word' id='word_1_323' title='bbox 1993 1071 2172 1140; x_wconf 57' lang='lat' dir='ltr'><strong>Rufi-a:</strong></span> <span class='ocrx_word' id='word_1_324' title='bbox 2207 1073 2223 1100; x_wconf 89' lang='lat'>‘</span> <span class='ocrx_word' id='word_1_325' title='bbox 2246 1073 2405 1122; x_wconf 89' lang='lat' dir='ltr'><strong>Multi</strong></span> <span class='ocrx_word' id='word_1_326' title='bbox 2430 1086 2517 1123; x_wconf 89' lang='lat' dir='ltr'><strong>oc·</strong></span> 
     </span>
     <span class='ocr_line' id='line_1_61' title="bbox 1456 1149 2516 1215; baseline -0.001 -15"><span class='ocrx_word' id='word_1_327' title='bbox 1456 1152 1602 1201; x_wconf 89' lang='lat' dir='ltr'><strong>culta</strong></span> <span class='ocrx_word' id='word_1_328' title='bbox 1654 1164 1767 1214; x_wconf 86' lang='lat' dir='ltr'><strong>spe,</strong></span> <span class='ocrx_word' id='word_1_329' title='bbox 1817 1155 1975 1214; x_wconf 87' lang='lat' dir='ltr'><strong>prout</strong></span> <span class='ocrx_word' id='word_1_330' title='bbox 2028 1150 2142 1215; x_wconf 87' lang='lat' dir='ltr'><strong>quis</strong></span> <span class='ocrx_word' id='word_1_331' title='bbox 2190 1149 2403 1212; x_wconf 86' lang='lat' dir='ltr'><strong>amicus,</strong></span> <span class='ocrx_word' id='word_1_332' title='bbox 2435 1150 2516 1200; x_wconf 80' lang='lat' dir='ltr'><strong>vel</strong></span> 
     </span>
     <span class='ocr_line' id='line_1_62' title="bbox 1455 1227 2516 1289; baseline 0 -13"><span class='ocrx_word' id='word_1_333' title='bbox 1455 1228 1635 1289; x_wconf 88' lang='lat' dir='ltr'><strong>cliens,</strong></span> <span class='ocrx_word' id='word_1_334' title='bbox 1666 1227 1801 1276; x_wconf 86' lang='lat' dir='ltr'><strong>hunc</strong></span> <span class='ocrx_word' id='word_1_335' title='bbox 1831 1227 1915 1275; x_wconf 79' lang='lat' dir='ltr'><strong>vel</strong></span> <span class='ocrx_word' id='word_1_336' title='bbox 1946 1227 2090 1275; x_wconf 89' lang='lat' dir='ltr'><strong>illum</strong></span> <span class='ocrx_word' id='word_1_337' title='bbox 2129 1227 2410 1276; x_wconf 86' lang='lat' dir='ltr'><strong>ambitiosis</strong></span> <span class='ocrx_word' id='word_1_338' title='bbox 2432 1241 2516 1276; x_wconf 87' lang='lat' dir='ltr'><strong>ru·</strong></span> 
     </span>
    </p>
   </div>
   <div class='ocr_carea' id='block_1_9' title="bbox 1453 1298 2519 1445">
    <p class='ocr_par' dir='ltr' id='par_1_9' title="bbox 1453 1298 2519 1445">
     <span class='ocr_line' id='line_1_63' title="bbox 1453 1298 2519 1354; baseline -0.001 -1"><span class='ocrx_word' id='word_1_339' title='bbox 1453 1304 1681 1353; x_wconf 87' lang='lat' dir='ltr'><strong>moribus</strong></span> <span class='ocrx_word' id='word_1_340' title='bbox 1734 1303 2100 1354; x_wconf 65' lang='lat' dir='ltr'><strong>destinabant?</strong></span> <span class='ocrx_word' id='word_1_341' title='bbox 2164 1298 2381 1352; x_wconf 47' lang='lat' dir='ltr'><strong>Sans-in</strong></span> <span class='ocrx_word' id='word_1_342' title='bbox 2427 1304 2519 1354; x_wconf 87' lang='lat' dir='ltr'><strong>Ju-</strong></span> 
     </span>
     <span class='ocr_line' id='line_1_64' title="bbox 1454 1380 2518 1445; baseline -0.002 -15"><span class='ocrx_word' id='word_1_343' title='bbox 1454 1381 1627 1445; x_wconf 80' lang='lat' dir='ltr'><strong>gurth.</strong></span> <span class='ocrx_word' id='word_1_344' title='bbox 1659 1380 1725 1432; x_wconf 91' lang='lat' dir='ltr'><strong>de</strong></span> <span class='ocrx_word' id='word_1_345' title='bbox 1758 1382 1993 1443; x_wconf 88' lang='lat' dir='ltr'><strong>Metello,</strong></span> <span class='ocrx_word' id='word_1_346' title='bbox 2026 1382 2041 1408; x_wconf 89' lang='lat'>‘</span> <span class='ocrx_word' id='word_1_347' title='bbox 2060 1386 2205 1429; x_wconf 85' lang='lat' dir='ltr'><strong>tanta</strong></span> <span class='ocrx_word' id='word_1_348' title='bbox 2229 1387 2518 1443; x_wconf 80' lang='lat' dir='ltr'><strong>temperan-</strong></span> 
     </span>
    </p>
   </div>
   <div class='ocr_carea' id='block_1_10' title="bbox 1455 387 2022 443">
    <p class='ocr_par' dir='ltr' id='par_1_10' title="bbox 1455 387 2022 443">
     <span class='ocr_line' id='line_1_65' title="bbox 1455 387 2022 443; baseline -0.004 -5"><span class='ocrx_word' id='word_1_349' title='bbox 1455 387 2022 443; x_wconf 69' lang='lat' dir='ltr'>HISTORIARUM.</span> 
     </span>
    </p>
   </div>
   <div class='ocr_carea' id='block_1_11' title="bbox 1453 1455 2617 1520">
    <p class='ocr_par' dir='ltr' id='par_1_11' title="bbox 1453 1455 2617 1520">
     <span class='ocr_line' id='line_1_66' title="bbox 1453 1455 2617 1520; baseline -0.001 -13"><span class='ocrx_word' id='word_1_350' title='bbox 1453 1457 1527 1507; x_wconf 89' lang='lat' dir='ltr'><strong>tia</strong></span> <span class='ocrx_word' id='word_1_351' title='bbox 1543 1459 1680 1507; x_wconf 87' lang='lat' dir='ltr'><strong>inter</strong></span> <span class='ocrx_word' id='word_1_352' title='bbox 1700 1458 2027 1507; x_wconf 82' lang='lat' dir='ltr'><strong>ambitionem</strong></span> <span class='ocrx_word' id='word_1_353' title='bbox 2041 1455 2394 1520; x_wconf 83' lang='lat' dir='ltr'><strong>saevitiamque</strong></span> <span class='ocrx_word' id='word_1_354' title='bbox 2415 1469 2521 1506; x_wconf 89' lang='lat' dir='ltr'><strong>mo·</strong></span> <span class='ocrx_word' id='word_1_355' title='bbox 2613 1464 2617 1469; x_wconf 88' lang='grc'><em>“</em></span> 
     </span>
    </p>
   </div>
   <div class='ocr_carea' id='block_1_12' title="bbox 1450 1532 2520 1752">
    <p class='ocr_par' dir='ltr' id='par_1_12' title="bbox 1450 1532 2520 1752">
     <span class='ocr_line' id='line_1_67' title="bbox 1452 1532 2520 1599; baseline -0.002 -16"><span class='ocrx_word' id='word_1_356' title='bbox 1452 1535 1726 1586; x_wconf 86' lang='lat' dir='ltr'><strong>deratum.’</strong></span> <span class='ocrx_word' id='word_1_357' title='bbox 1790 1535 2052 1585; x_wconf 77' lang='lat' dir='ltr'><strong>Acidalius.</strong></span> <span class='ocrx_word' id='word_1_358' title='bbox 2130 1534 2414 1599; x_wconf 43' lang='lat' dir='ltr'><strong>Muretus?</strong></span> <span class='ocrx_word' id='word_1_359' title='bbox 2436 1532 2520 1581; x_wconf 83' lang='lat' dir='ltr'><strong>ad-</strong></span> 
     </span>
     <span class='ocr_line' id='line_1_68' title="bbox 1450 1609 2518 1673; baseline -0.002 -13"><span class='ocrx_word' id='word_1_360' title='bbox 1450 1613 1667 1662; x_wconf 79' lang='lat' dir='ltr'><strong>verteris.</strong></span> <span class='ocrx_word' id='word_1_361' title='bbox 1751 1612 1952 1673; x_wconf 84' lang='lat' dir='ltr'><strong>Malim,</strong></span> <span class='ocrx_word' id='word_1_362' title='bbox 2001 1610 2242 1660; x_wconf 80' lang='lat' dir='ltr'><strong>averseris.</strong></span> <span class='ocrx_word' id='word_1_363' title='bbox 2329 1609 2518 1659; x_wconf 85' lang='lat' dir='ltr'><strong>Similis</strong></span> 
     </span>
     <span class='ocr_line' id='line_1_69' title="bbox 1450 1687 2518 1752; baseline 0 -15"><span class='ocrx_word' id='word_1_364' title='bbox 1450 1690 1627 1752; x_wconf 79' lang='lat' dir='ltr'><strong>lapsus</strong></span> <span class='ocrx_word' id='word_1_365' title='bbox 1650 1704 1751 1739; x_wconf 89' lang='lat' dir='ltr'><strong>non</strong></span> <span class='ocrx_word' id='word_1_366' title='bbox 1772 1690 1929 1738; x_wconf 86' lang='lat' dir='ltr'><strong>semel</strong></span> <span class='ocrx_word' id='word_1_367' title='bbox 1953 1689 2005 1737; x_wconf 90' lang='lat' dir='ltr'><strong>in</strong></span> <span class='ocrx_word' id='word_1_368' title='bbox 2022 1689 2099 1737; x_wconf 88' lang='lat' dir='ltr'><strong>his</strong></span> <span class='ocrx_word' id='word_1_369' title='bbox 2116 1687 2278 1737; x_wconf 86' lang='lat' dir='ltr'><strong>libris.</strong></span> <span class='ocrx_word' id='word_1_370' title='bbox 2342 1687 2518 1737; x_wconf 68' lang='lat' dir='ltr'><strong>Pieric-</strong></span> 
     </span>
    </p>
   </div>
   <div class='ocr_carea' id='block_1_13' title="bbox 1450 1764 2515 1830">
    <p class='ocr_par' dir='ltr' id='par_1_13' title="bbox 1450 1764 2515 1830">
     <span class='ocr_line' id='line_1_70' title="bbox 1450 1764 2515 1830; baseline 0 -16"><span class='ocrx_word' id='word_1_371' title='bbox 1450 1781 1531 1814; x_wconf 70' lang='grc' dir='ltr'><strong>πα.</strong></span> <span class='ocrx_word' id='word_1_372' title='bbox 1600 1766 1791 1830; x_wconf 78' lang='lat' dir='ltr'><strong>Legum</strong></span> <span class='ocrx_word' id='word_1_373' title='bbox 1829 1766 2076 1828; x_wconf 77' lang='lat' dir='ltr'><strong>averseris,</strong></span> <span class='ocrx_word' id='word_1_374' title='bbox 2102 1780 2220 1815; x_wconf 91' lang='lat' dir='ltr'><strong>cum</strong></span> <span class='ocrx_word' id='word_1_375' title='bbox 2264 1764 2515 1814; x_wconf 85' lang='lat' dir='ltr'><strong>Pichena.</strong></span> 
     </span>
    </p>
   </div>
   <div class='ocr_carea' id='block_1_14' title="bbox 1452 1841 1821 1892">
    <p class='ocr_par' dir='ltr' id='par_1_14' title="bbox 1452 1841 1821 1892">
     <span class='ocr_line' id='line_1_71' title="bbox 1452 1841 1821 1892; baseline 0.005 -2"><span class='ocrx_word' id='word_1_376' title='bbox 1452 1841 1821 1892; x_wconf 75' lang='lat' dir='ltr'><strong>Freinshemius.</strong></span> 
     </span>
    </p>
   </div>
   <div class='ocr_carea' id='block_1_15' title="bbox 1516 1917 2594 1984">
    <p class='ocr_par' dir='ltr' id='par_1_15' title="bbox 1516 1917 2594 1984">
     <span class='ocr_line' id='line_1_72' title="bbox 1516 1917 2594 1984; baseline 0.002 -17"><span class='ocrx_word' id='word_1_377' title='bbox 1516 1919 1648 1967; x_wconf 78' lang='lat' dir='ltr'><strong>Mihi</strong></span> <span class='ocrx_word' id='word_1_378' title='bbox 1672 1919 1843 1984; x_wconf 81' lang='lat' dir='ltr'><strong>Galba,</strong></span> <span class='ocrx_word' id='word_1_379' title='bbox 1870 1920 2014 1982; x_wconf 71' lang='lat' dir='ltr'><strong>Otho,</strong></span> <span class='ocrx_word' id='word_1_380' title='bbox 2045 1917 2285 1981; x_wconf 74' lang='lat' dir='ltr'><strong>Vitellius]</strong></span> <span class='ocrx_word' id='word_1_381' title='bbox 2318 1918 2516 1967; x_wconf 89' lang='lat' dir='ltr'><strong>Eadem</strong></span> <span class='ocrx_word' id='word_1_382' title='bbox 2582 1956 2594 1969; x_wconf 79' lang='grc'><strong>.</strong></span> 
     </span>
    </p>
   </div>
   <div class='ocr_carea' id='block_1_16' title="bbox 1439 1991 2517 4358">
    <p class='ocr_par' dir='ltr' id='par_1_16' title="bbox 1447 1991 2517 2442">
     <span class='ocr_line' id='line_1_73' title="bbox 1449 1991 2517 2058; baseline 0.001 -16"><span class='ocrx_word' id='word_1_383' title='bbox 1449 1991 1561 2044; x_wconf 79' lang='lat' dir='ltr'><strong>fere</strong></span> <span class='ocrx_word' id='word_1_384' title='bbox 1589 1994 1822 2058; x_wconf 57' lang='lat' dir='ltr'><strong>Crispus„</strong></span> <span class='ocrx_word' id='word_1_385' title='bbox 1844 2001 1902 2043; x_wconf 91' lang='lat' dir='ltr'><strong>ut</strong></span> <span class='ocrx_word' id='word_1_386' title='bbox 1932 1995 2031 2044; x_wconf 89' lang='lat' dir='ltr'><strong>sibi</strong></span> <span class='ocrx_word' id='word_1_387' title='bbox 2060 1993 2193 2043; x_wconf 85' lang='lat' dir='ltr'><strong>fides</strong></span> <span class='ocrx_word' id='word_1_388' title='bbox 2231 1993 2517 2043; x_wconf 88' lang='lat' dir='ltr'><strong>haberetur</strong></span> 
     </span>
     <span class='ocr_line' id='line_1_74' title="bbox 1449 2069 2515 2134; baseline 0 -15"><span class='ocrx_word' id='word_1_389' title='bbox 1449 2069 1503 2119; x_wconf 89' lang='lat' dir='ltr'><strong>iu</strong></span> <span class='ocrx_word' id='word_1_390' title='bbox 1541 2085 1754 2133; x_wconf 86' lang='lat' dir='ltr'><strong>prooem.</strong></span> <span class='ocrx_word' id='word_1_391' title='bbox 1789 2070 1946 2120; x_wconf 88' lang='lat' dir='ltr'><strong>Catil.</strong></span> <span class='ocrx_word' id='word_1_392' title='bbox 1977 2072 1993 2099; x_wconf 76' lang='lat'><em>⁶</em></span> <span class='ocrx_word' id='word_1_393' title='bbox 2017 2071 2189 2122; x_wconf 85' lang='lat' dir='ltr'><strong>Statui</strong></span> <span class='ocrx_word' id='word_1_394' title='bbox 2224 2086 2303 2120; x_wconf 90' lang='lat' dir='ltr'><strong>res</strong></span> <span class='ocrx_word' id='word_1_395' title='bbox 2338 2077 2515 2134; x_wconf 82' lang='lat' dir='ltr'><strong>gestas</strong></span> 
     </span>
     <span class='ocr_line' id='line_1_75' title="bbox 1449 2140 2516 2211; baseline 0 -16"><span class='ocrx_word' id='word_1_396' title='bbox 1449 2147 1627 2210; x_wconf 86' lang='lat' dir='ltr'><strong>populi</strong></span> <span class='ocrx_word' id='word_1_397' title='bbox 1652 2148 1800 2197; x_wconf 87' lang='lat' dir='ltr'><strong>Rom.</strong></span> <span class='ocrx_word' id='word_1_398' title='bbox 1823 2147 2041 2210; x_wconf 84' lang='lat' dir='ltr'><strong>carptim</strong></span> <span class='ocrx_word' id='word_1_399' title='bbox 2063 2148 2145 2211; x_wconf 91' lang='lat' dir='ltr'><strong>(ut</strong></span> <span class='ocrx_word' id='word_1_400' title='bbox 2164 2140 2390 2211; x_wconf 61' lang='lat' dir='ltr'><strong>&#39;quasque</strong></span> <span class='ocrx_word' id='word_1_401' title='bbox 2412 2161 2516 2196; x_wconf 89' lang='lat' dir='ltr'><strong>me-</strong></span> 
     </span>
     <span class='ocr_line' id='line_1_76' title="bbox 1447 2220 2511 2288; baseline -0.001 -16"><span class='ocrx_word' id='word_1_402' title='bbox 1447 2222 1613 2272; x_wconf 87' lang='lat' dir='ltr'><strong>moria</strong></span> <span class='ocrx_word' id='word_1_403' title='bbox 1633 2222 1789 2288; x_wconf 83' lang='lat' dir='ltr'><strong>digua</strong></span> <span class='ocrx_word' id='word_1_404' title='bbox 1812 2220 2145 2287; x_wconf 83' lang='lat' dir='ltr'><strong>videbantur)</strong></span> <span class='ocrx_word' id='word_1_405' title='bbox 2162 2222 2511 2286; x_wconf 81' lang='lat' dir='ltr'><strong>perscribere:</strong></span> 
     </span>
     <span class='ocr_line' id='line_1_77' title="bbox 1448 2301 2517 2366; baseline -0.003 -15"><span class='ocrx_word' id='word_1_406' title='bbox 1448 2316 1513 2352; x_wconf 88' lang='lat' dir='ltr'><strong>eo</strong></span> <span class='ocrx_word' id='word_1_407' title='bbox 1534 2302 1700 2366; x_wconf 84' lang='lat' dir='ltr'><strong>magis</strong></span> <span class='ocrx_word' id='word_1_408' title='bbox 1723 2301 1863 2366; x_wconf 86' lang='lat' dir='ltr'><strong>quod</strong></span> <span class='ocrx_word' id='word_1_409' title='bbox 1887 2301 2011 2350; x_wconf 83' lang='lat' dir='ltr'><strong>mihi</strong></span> <span class='ocrx_word' id='word_1_410' title='bbox 2032 2315 2062 2350; x_wconf 84' lang='lat' dir='ltr'><strong>a</strong></span> <span class='ocrx_word' id='word_1_411' title='bbox 2085 2315 2196 2365; x_wconf 89' lang='lat' dir='ltr'><strong>spe,</strong></span> <span class='ocrx_word' id='word_1_412' title='bbox 2211 2306 2376 2362; x_wconf 88' lang='lat' dir='ltr'><strong>metu,</strong></span> <span class='ocrx_word' id='word_1_413' title='bbox 2400 2313 2517 2363; x_wconf 87' lang='lat' dir='ltr'><strong>par·</strong></span> 
     </span>
     <span class='ocr_line' id='line_1_78' title="bbox 1448 2371 2481 2442; baseline -0.003 -15"><span class='ocrx_word' id='word_1_414' title='bbox 1448 2371 1589 2428; x_wconf 84' lang='lat' dir='ltr'><strong>tibus</strong></span> <span class='ocrx_word' id='word_1_415' title='bbox 1613 2379 1743 2442; x_wconf 88' lang='lat' dir='ltr'><strong>reip.</strong></span> <span class='ocrx_word' id='word_1_416' title='bbox 1771 2379 1966 2427; x_wconf 85' lang='lat' dir='ltr'><strong>animus</strong></span> <span class='ocrx_word' id='word_1_417' title='bbox 1989 2378 2119 2427; x_wconf 89' lang='lat' dir='ltr'><strong>liber</strong></span> <span class='ocrx_word' id='word_1_418' title='bbox 2139 2375 2287 2427; x_wconf 63' lang='lat' dir='ltr'><strong>erat?</strong></span> <span class='ocrx_word' id='word_1_419' title='bbox 2331 2375 2481 2425; x_wconf 64' lang='lat' dir='ltr'><strong>Salio.</strong></span> 
     </span>
    </p>

    <p class='ocr_par' dir='ltr' id='par_1_17' title="bbox 1445 2454 2516 2753">
     <span class='ocr_line' id='line_1_79' title="bbox 1513 2454 2513 2522; baseline -0.002 -17"><span class='ocrx_word' id='word_1_420' title='bbox 1513 2457 1839 2520; x_wconf 72' lang='lat' dir='ltr'><strong>Iaoomptam</strong></span> <span class='ocrx_word' id='word_1_421' title='bbox 1847 2456 2001 2522; x_wconf 80' lang='lat' dir='ltr'><strong>fidem</strong></span> <span class='ocrx_word' id='word_1_422' title='bbox 2012 2454 2238 2519; x_wconf 80' lang='lat' dir='ltr'><strong>professis</strong></span> <span class='ocrx_word' id='word_1_423' title='bbox 2250 2469 2334 2503; x_wconf 74' lang='lat' dir='ltr'><strong>aee</strong></span> <span class='ocrx_word' id='word_1_424' title='bbox 2354 2468 2513 2504; x_wconf 82' lang='lat' dir='ltr'><strong>amore</strong></span> 
     </span>
     <span class='ocr_line' id='line_1_80' title="bbox 1445 2534 2516 2600; baseline -0.004 -16"><span class='ocrx_word' id='word_1_425' title='bbox 1445 2534 1712 2600; x_wconf 72' lang='lat' dir='ltr'><strong>quisquam]</strong></span> <span class='ocrx_word' id='word_1_426' title='bbox 1757 2535 1899 2583; x_wconf 89' lang='lat' dir='ltr'><strong>Mur.</strong></span> <span class='ocrx_word' id='word_1_427' title='bbox 1941 2548 2025 2583; x_wconf 78' lang='lat' dir='ltr'><strong>nee</strong></span> <span class='ocrx_word' id='word_1_428' title='bbox 2065 2547 2170 2595; x_wconf 72' lang='lat' dir='ltr'><strong>cum</strong></span> <span class='ocrx_word' id='word_1_429' title='bbox 2209 2546 2397 2581; x_wconf 78' lang='lat' dir='ltr'><strong>amore.-</strong></span> <span class='ocrx_word' id='word_1_430' title='bbox 2452 2536 2516 2580; x_wconf 85' lang='lat' dir='ltr'><strong>ut</strong></span> 
     </span>
     <span class='ocr_line' id='line_1_81' title="bbox 1446 2607 2515 2676; baseline -0.004 -14"><span class='ocrx_word' id='word_1_431' title='bbox 1446 2613 1637 2676; x_wconf 74' lang='lat' dir='ltr'><strong>placet,</strong></span> <span class='ocrx_word' id='word_1_432' title='bbox 1701 2612 1805 2663; x_wconf 88' lang='lat' dir='ltr'><strong>Sed</strong></span> <span class='ocrx_word' id='word_1_433' title='bbox 1842 2625 2088 2676; x_wconf 84' lang='lat' dir='ltr'><strong>quorsum</strong></span> <span class='ocrx_word' id='word_1_434' title='bbox 2121 2607 2515 2674; x_wconf 76' lang='lat' dir='ltr'><strong>etiam.professo</strong></span> 
     </span>
     <span class='ocr_line' id='line_1_82' title="bbox 1445 2687 2514 2753; baseline -0.002 -13"><span class='ocrx_word' id='word_1_435' title='bbox 1445 2691 1652 2740; x_wconf 84' lang='lat' dir='ltr'><strong>mutat?</strong></span> <span class='ocrx_word' id='word_1_436' title='bbox 1682 2691 1850 2741; x_wconf 88' lang='lat' dir='ltr'><strong>Nimis</strong></span> <span class='ocrx_word' id='word_1_437' title='bbox 1874 2689 2111 2753; x_wconf 81' lang='lat' dir='ltr'><strong>putidum</strong></span> <span class='ocrx_word' id='word_1_438' title='bbox 2128 2687 2290 2739; x_wconf 88' lang='lat' dir='ltr'><strong>istud.</strong></span> <span class='ocrx_word' id='word_1_439' title='bbox 2322 2687 2514 2738; x_wconf 81' lang='lat' dir='ltr'><strong>Acidal.</strong></span> 
     </span>
    </p>

    <p class='ocr_par' dir='ltr' id='par_1_18' title="bbox 1439 2764 2514 4358">
     <span class='ocr_line' id='line_1_83' title="bbox 1518 2764 2513 2829; baseline -0.002 -14"><span class='ocrx_word' id='word_1_440' title='bbox 1518 2765 1792 2816; x_wconf 74' lang='lat' dir='ltr'><strong>Uberior-em</strong></span> <span class='ocrx_word' id='word_1_441' title='bbox 1809 2764 2199 2829; x_wconf 72' lang='lat' dir='ltr'><strong>securioremque]</strong></span> <span class='ocrx_word' id='word_1_442' title='bbox 2233 2766 2513 2828; x_wconf 78' lang='lat' dir='ltr'><strong>Compara·</strong></span> 
     </span>
     <span class='ocr_line' id='line_1_84' title="bbox 1445 2841 2514 2895; baseline -0.002 -4"><span class='ocrx_word' id='word_1_443' title='bbox 1445 2841 1611 2895; x_wconf 79' lang='lat' dir='ltr'><strong>tivum</strong></span> <span class='ocrx_word' id='word_1_444' title='bbox 1645 2844 1864 2892; x_wconf 88' lang='lat' dir='ltr'><strong>alterum</strong></span> <span class='ocrx_word' id='word_1_445' title='bbox 1903 2855 2006 2892; x_wconf 90' lang='lat' dir='ltr'><strong>nou</strong></span> <span class='ocrx_word' id='word_1_446' title='bbox 2046 2848 2129 2892; x_wconf 88' lang='lat' dir='ltr'><strong>est</strong></span> <span class='ocrx_word' id='word_1_447' title='bbox 2166 2842 2219 2891; x_wconf 89' lang='lat' dir='ltr'><strong>in</strong></span> <span class='ocrx_word' id='word_1_448' title='bbox 2248 2841 2381 2891; x_wconf 88' lang='lat' dir='ltr'><strong>libro</strong></span> <span class='ocrx_word' id='word_1_449' title='bbox 2403 2854 2514 2890; x_wconf 85' lang='lat' dir='ltr'><strong>ma-</strong></span> 
     </span>
     <span class='ocr_line' id='line_1_85' title="bbox 1443 2919 2509 2991; baseline 0 -23"><span class='ocrx_word' id='word_1_450' title='bbox 1443 2920 1733 2984; x_wconf 87' lang='lat' dir='ltr'><strong>nuscripto.</strong></span> <span class='ocrx_word' id='word_1_451' title='bbox 1802 2920 2076 2991; x_wconf 57' lang='lat' dir='ltr'><strong>Rhenanus.</strong></span> <span class='ocrx_word' id='word_1_452' title='bbox 2179 2919 2386 2969; x_wconf 88' lang='lat' dir='ltr'><strong>Dubito</strong></span> <span class='ocrx_word' id='word_1_453' title='bbox 2443 2919 2509 2968; x_wconf 86' lang='lat' dir='ltr'><strong>de</strong></span> 
     </span>
     <span class='ocr_line' id='line_1_86' title="bbox 1443 2995 2511 3046; baseline 0 -1"><span class='ocrx_word' id='word_1_454' title='bbox 1443 2995 1747 3046; x_wconf 83' lang='lat' dir='ltr'><strong>sinceritate</strong></span> <span class='ocrx_word' id='word_1_455' title='bbox 1773 2997 1945 3046; x_wconf 81' lang='lat' dir='ltr'><strong>·vocis</strong></span> <span class='ocrx_word' id='word_1_456' title='bbox 2008 2995 2305 3046; x_wconf 70' lang='lat' dir='ltr'><strong>uberiorem:</strong></span> <span class='ocrx_word' id='word_1_457' title='bbox 2366 2995 2511 3045; x_wconf 82' lang='lat' dir='ltr'><strong>nullo</strong></span> 
     </span>
     <span class='ocr_line' id='line_1_87' title="bbox 1444 3071 2511 3137; baseline 0.002 -17"><span class='ocrx_word' id='word_1_458' title='bbox 1444 3072 1581 3120; x_wconf 89' lang='lat' dir='ltr'><strong>enim</strong></span> <span class='ocrx_word' id='word_1_459' title='bbox 1615 3071 1774 3122; x_wconf 89' lang='lat' dir='ltr'><strong>modo</strong></span> <span class='ocrx_word' id='word_1_460' title='bbox 1810 3073 2019 3123; x_wconf 84' lang='lat' dir='ltr'><strong>uberior</strong></span> <span class='ocrx_word' id='word_1_461' title='bbox 2058 3072 2320 3123; x_wconf 86' lang='lat' dir='ltr'><strong>scribendi</strong></span> <span class='ocrx_word' id='word_1_462' title='bbox 2361 3087 2511 3137; x_wconf 77' lang='lat' dir='ltr'><strong>seges</strong></span> 
     </span>
     <span class='ocr_line' id='line_1_88' title="bbox 1443 3146 2512 3214; baseline 0.003 -18"><span class='ocrx_word' id='word_1_463' title='bbox 1443 3146 1499 3196; x_wconf 89' lang='lat' dir='ltr'><strong>iu</strong></span> <span class='ocrx_word' id='word_1_464' title='bbox 1545 3148 1864 3211; x_wconf 85' lang='lat' dir='ltr'><strong>temporibus</strong></span> <span class='ocrx_word' id='word_1_465' title='bbox 1910 3147 2106 3198; x_wconf 80' lang='lat' dir='ltr'><strong>Nervae</strong></span> <span class='ocrx_word' id='word_1_466' title='bbox 2168 3155 2226 3199; x_wconf 92' lang='lat' dir='ltr'><strong>et</strong></span> <span class='ocrx_word' id='word_1_467' title='bbox 2282 3149 2512 3214; x_wconf 81' lang='lat' dir='ltr'><strong>Trajaui,</strong></span> 
     </span>
     <span class='ocr_line' id='line_1_89' title="bbox 1443 3224 2508 3291; baseline 0.001 -17"><span class='ocrx_word' id='word_1_468' title='bbox 1443 3238 1597 3288; x_wconf 86' lang='lat' dir='ltr'><strong>quam</strong></span> <span class='ocrx_word' id='word_1_469' title='bbox 1634 3224 1685 3273; x_wconf 91' lang='lat' dir='ltr'><strong>in</strong></span> <span class='ocrx_word' id='word_1_470' title='bbox 1725 3225 1979 3290; x_wconf 80' lang='lat' dir='ltr'><strong>his‚.quae</strong></span> <span class='ocrx_word' id='word_1_471' title='bbox 2017 3240 2154 3275; x_wconf 90' lang='lat' dir='ltr'><strong>nunc</strong></span> <span class='ocrx_word' id='word_1_472' title='bbox 2184 3226 2508 3291; x_wconf 82' lang='lat' dir='ltr'><strong>aggreditur.</strong></span> 
     </span>
     <span class='ocr_line' id='line_1_90' title="bbox 1443 3301 2507 3367; baseline 0 -14"><span class='ocrx_word' id='word_1_473' title='bbox 1443 3301 1599 3353; x_wconf 79' lang='lat' dir='ltr'><strong>Quod</strong></span> <span class='ocrx_word' id='word_1_474' title='bbox 1636 3302 1680 3351; x_wconf 86' lang='lat' dir='ltr'><strong>si</strong></span> <span class='ocrx_word' id='word_1_475' title='bbox 1715 3317 1840 3351; x_wconf 83' lang='lat' dir='ltr'><strong>vera</strong></span> <span class='ocrx_word' id='word_1_476' title='bbox 1862 3303 2143 3367; x_wconf 86' lang='lat' dir='ltr'><strong>scriptura,</strong></span> <span class='ocrx_word' id='word_1_477' title='bbox 2168 3317 2271 3353; x_wconf 89' lang='lat' dir='ltr'><strong>nou</strong></span> <span class='ocrx_word' id='word_1_478' title='bbox 2292 3316 2362 3352; x_wconf 80' lang='lat' dir='ltr'><strong>ex</strong></span> <span class='ocrx_word' id='word_1_479' title='bbox 2382 3317 2507 3353; x_wconf 84' lang='lat' dir='ltr'><strong>vero</strong></span> 
     </span>
     <span class='ocr_line' id='line_1_91' title="bbox 1440 3377 2511 3447; baseline -0.001 -19"><span class='ocrx_word' id='word_1_480' title='bbox 1440 3377 1720 3428; x_wconf 84' lang='lat' dir='ltr'><strong>sententia.</strong></span> <span class='ocrx_word' id='word_1_481' title='bbox 1786 3378 1912 3429; x_wconf 85' lang='lat' dir='ltr'><strong>Nec·</strong></span> <span class='ocrx_word' id='word_1_482' title='bbox 1940 3393 2065 3428; x_wconf 89' lang='lat' dir='ltr'><strong>saue</strong></span> <span class='ocrx_word' id='word_1_483' title='bbox 2102 3379 2238 3447; x_wconf 84' lang='lat' dir='ltr'><strong>ratio</strong></span> <span class='ocrx_word' id='word_1_484' title='bbox 2278 3385 2380 3442; x_wconf 87' lang='lat' dir='ltr'><strong>est,</strong></span> <span class='ocrx_word' id='word_1_485' title='bbox 2418 3392 2511 3428; x_wconf 84' lang='lat' dir='ltr'><strong>cur</strong></span> 
     </span>
     <span class='ocr_line' id='line_1_92' title="bbox 1439 3454 2510 3506; baseline -0.001 -2"><span class='ocrx_word' id='word_1_486' title='bbox 1439 3454 1736 3505; x_wconf 87' lang='lat' dir='ltr'><strong>uberiorem</strong></span> <span class='ocrx_word' id='word_1_487' title='bbox 1757 3455 2029 3506; x_wconf 85' lang='lat' dir='ltr'><strong>materiam</strong></span> <span class='ocrx_word' id='word_1_488' title='bbox 2063 3455 2320 3506; x_wconf 86' lang='lat' dir='ltr'><strong>senectuti</strong></span> <span class='ocrx_word' id='word_1_489' title='bbox 2344 3464 2510 3504; x_wconf 87' lang='lat' dir='ltr'><strong>reser-</strong></span> 
     </span>
     <span class='ocr_line' id='line_1_93' title="bbox 1439 3530 2507 3596; baseline -0.001 -14"><span class='ocrx_word' id='word_1_490' title='bbox 1439 3537 1567 3592; x_wconf 74' lang='lat' dir='ltr'><strong>vet3</strong></span> <span class='ocrx_word' id='word_1_491' title='bbox 1623 3531 1722 3581; x_wconf 90' lang='lat' dir='ltr'><strong>nisi</strong></span> <span class='ocrx_word' id='word_1_492' title='bbox 1759 3532 2005 3596; x_wconf 70' lang='lat' dir='ltr'><strong>quietem</strong></span> <span class='ocrx_word' id='word_1_493' title='bbox 2053 3530 2194 3582; x_wconf 79' lang='lat' dir='ltr'><strong>forte</strong></span> <span class='ocrx_word' id='word_1_494' title='bbox 2245 3537 2300 3581; x_wconf 90' lang='lat' dir='ltr'><strong>et</strong></span> <span class='ocrx_word' id='word_1_495' title='bbox 2343 3530 2507 3581; x_wconf 84' lang='lat' dir='ltr'><strong>otium</strong></span> 
     </span>
     <span class='ocr_line' id='line_1_94' title="bbox 1441 3607 2507 3673; baseline -0.001 -16"><span class='ocrx_word' id='word_1_496' title='bbox 1441 3609 1679 3673; x_wconf 86' lang='lat' dir='ltr'><strong>respicit,</strong></span> <span class='ocrx_word' id='word_1_497' title='bbox 1701 3609 1786 3660; x_wconf 87' lang='lat' dir='ltr'><strong>cui</strong></span> <span class='ocrx_word' id='word_1_498' title='bbox 1827 3615 2001 3659; x_wconf 84' lang='lat' dir='ltr'><strong>tamen</strong></span> <span class='ocrx_word' id='word_1_499' title='bbox 2036 3610 2160 3659; x_wconf 79' lang='lat' dir='ltr'><strong>vitoe</strong></span> <span class='ocrx_word' id='word_1_500' title='bbox 2198 3607 2372 3657; x_wconf 85' lang='lat' dir='ltr'><strong>senilis</strong></span> <span class='ocrx_word' id='word_1_501' title='bbox 2416 3607 2507 3656; x_wconf 87' lang='lat' dir='ltr'><strong>uui</strong></span> 
     </span>
     <span class='ocr_line' id='line_1_95' title="bbox 1440 3685 2506 3748; baseline -0.003 -12"><span class='ocrx_word' id='word_1_502' title='bbox 1440 3686 1710 3738; x_wconf 85' lang='lat' dir='ltr'><strong>commodo</strong></span> <span class='ocrx_word' id='word_1_503' title='bbox 1743 3687 1908 3735; x_wconf 88' lang='lat' dir='ltr'><strong>multa</strong></span> <span class='ocrx_word' id='word_1_504' title='bbox 1944 3700 1974 3735; x_wconf 92' lang='lat' dir='ltr'><strong>e</strong></span> <span class='ocrx_word' id='word_1_505' title='bbox 2015 3685 2225 3734; x_wconf 83' lang='lat' dir='ltr'><strong>diverso</strong></span> <span class='ocrx_word' id='word_1_506' title='bbox 2272 3698 2506 3748; x_wconf 82' lang='lat' dir='ltr'><strong>opponas</strong></span> 
     </span>
     <span class='ocr_line' id='line_1_96' title="bbox 1441 3761 2507 3828; baseline -0.002 -15"><span class='ocrx_word' id='word_1_507' title='bbox 1441 3764 1788 3815; x_wconf 81' lang='lat' dir='ltr'><strong>incommoda.</strong></span> <span class='ocrx_word' id='word_1_508' title='bbox 1824 3763 2068 3828; x_wconf 85' lang='lat' dir='ltr'><strong>Denique</strong></span> <span class='ocrx_word' id='word_1_509' title='bbox 2091 3762 2134 3812; x_wconf 90' lang='lat' dir='ltr'><strong>si</strong></span> <span class='ocrx_word' id='word_1_510' title='bbox 2157 3763 2245 3812; x_wconf 88' lang='lat' dir='ltr'><strong>illa</strong></span> <span class='ocrx_word' id='word_1_511' title='bbox 2265 3761 2507 3812; x_wconf 82' lang='lat' dir='ltr'><strong>materies</strong></span> 
     </span>
     <span class='ocr_line' id='line_1_97' title="bbox 1441 3837 2506 3903; baseline -0.002 -13"><span class='ocrx_word' id='word_1_512' title='bbox 1441 3839 1654 3891; x_wconf 87' lang='lat' dir='ltr'><strong>uberior</strong></span> <span class='ocrx_word' id='word_1_513' title='bbox 1712 3840 1936 3903; x_wconf 86' lang='lat' dir='ltr'><strong>taudem,</strong></span> <span class='ocrx_word' id='word_1_514' title='bbox 1985 3855 2081 3889; x_wconf 88' lang='lat' dir='ltr'><strong>cur</strong></span> <span class='ocrx_word' id='word_1_515' title='bbox 2127 3839 2279 3902; x_wconf 86' lang='lat' dir='ltr'><strong>hujus</strong></span> <span class='ocrx_word' id='word_1_516' title='bbox 2332 3837 2506 3902; x_wconf 80' lang='lat' dir='ltr'><strong>operis</strong></span> 
     </span>
     <span class='ocr_line' id='line_1_98' title="bbox 1442 3918 2506 3985; baseline -0.003 -15"><span class='ocrx_word' id='word_1_517' title='bbox 1442 3920 1762 3985; x_wconf 83' lang='lat' dir='ltr'><strong>opulentiam</strong></span> <span class='ocrx_word' id='word_1_518' title='bbox 1785 3926 1892 3970; x_wconf 88' lang='lat' dir='ltr'><strong>tam</strong></span> <span class='ocrx_word' id='word_1_519' title='bbox 1914 3918 2189 3983; x_wconf 77' lang='lat' dir='ltr'><strong>ambitiose</strong></span> <span class='ocrx_word' id='word_1_520' title='bbox 2220 3918 2396 3967; x_wconf 84' lang='lat' dir='ltr'><strong>statim</strong></span> <span class='ocrx_word' id='word_1_521' title='bbox 2429 3918 2506 3968; x_wconf 86' lang='lat' dir='ltr'><strong>in·</strong></span> 
     </span>
     <span class='ocr_line' id='line_1_99' title="bbox 1442 3993 2505 4062; baseline -0.004 -15"><span class='ocrx_word' id='word_1_522' title='bbox 1442 3998 1574 4062; x_wconf 86' lang='lat' dir='ltr'><strong>cipit</strong></span> <span class='ocrx_word' id='word_1_523' title='bbox 1604 3997 1908 4046; x_wconf 83' lang='lat' dir='ltr'><strong>recensere?</strong></span> <span class='ocrx_word' id='word_1_524' title='bbox 1935 3994 2037 4044; x_wconf 88' lang='lat' dir='ltr'><strong>Vel</strong></span> <span class='ocrx_word' id='word_1_525' title='bbox 2071 3996 2190 4058; x_wconf 78' lang='lat' dir='ltr'><strong>lege</strong></span> <span class='ocrx_word' id='word_1_526' title='bbox 2221 3993 2505 4057; x_wconf 77' lang='lat' dir='ltr'><strong>liberiorem,</strong></span> 
     </span>
     <span class='ocr_line' id='line_1_100' title="bbox 1443 4070 2505 4151; baseline -0.003 -29"><span class='ocrx_word' id='word_1_527' title='bbox 1443 4072 1826 4151; x_wconf 81' lang='lat' dir='ltr'><strong>quodprobaut</strong></span> <span class='ocrx_word' id='word_1_528' title='bbox 1845 4071 2148 4137; x_wconf 75' lang='lat' dir='ltr'><strong>sequentiaz</strong></span> <span class='ocrx_word' id='word_1_529' title='bbox 2179 4070 2195 4099; x_wconf 89' lang='lat'>‘</span> <span class='ocrx_word' id='word_1_530' title='bbox 2212 4071 2352 4120; x_wconf 87' lang='lat' dir='ltr'><strong>Rara</strong></span> <span class='ocrx_word' id='word_1_531' title='bbox 2373 4077 2505 4121; x_wconf 86' lang='lat' dir='ltr'><strong>tem-</strong></span> 
     </span>
     <span class='ocr_line' id='line_1_101' title="bbox 1442 4147 2505 4214; baseline -0.003 -15"><span class='ocrx_word' id='word_1_532' title='bbox 1442 4164 1627 4214; x_wconf 89' lang='lat' dir='ltr'><strong>porum</strong></span> <span class='ocrx_word' id='word_1_533' title='bbox 1651 4149 1923 4212; x_wconf 84' lang='lat' dir='ltr'><strong>felicitate,</strong></span> <span class='ocrx_word' id='word_1_534' title='bbox 1944 4148 2035 4198; x_wconf 87' lang='lat' dir='ltr'><strong>ubi</strong></span> <span class='ocrx_word' id='word_1_535' title='bbox 2062 4147 2255 4198; x_wconf 87' lang='lat' dir='ltr'><strong>sentire</strong></span> <span class='ocrx_word' id='word_1_536' title='bbox 2278 4161 2394 4212; x_wconf 65' lang='lat' dir='ltr'><strong>quai</strong></span> <span class='ocrx_word' id='word_1_537' title='bbox 2416 4161 2505 4196; x_wconf 78' lang='lat' dir='ltr'><strong>ve-</strong></span> 
     </span>
     <span class='ocr_line' id='line_1_102' title="bbox 1444 4221 2505 4295; baseline 0.001 -20"><span class='ocrx_word' id='word_1_538' title='bbox 1444 4227 1527 4286; x_wconf 87' lang='lat' dir='ltr'><strong>lis,</strong></span> <span class='ocrx_word' id='word_1_539' title='bbox 1550 4234 1606 4276; x_wconf 86' lang='lat' dir='ltr'><strong>et</strong></span> <span class='ocrx_word' id='word_1_540' title='bbox 1624 4242 1740 4295; x_wconf 81' lang='lat' dir='ltr'><strong>quae</strong></span> <span class='ocrx_word' id='word_1_541' title='bbox 1763 4226 1956 4277; x_wconf 87' lang='lat' dir='ltr'><strong>sentias</strong></span> <span class='ocrx_word' id='word_1_542' title='bbox 1979 4224 2156 4277; x_wconf 82' lang='lat' dir='ltr'><strong>dicere</strong></span> <span class='ocrx_word' id='word_1_543' title='bbox 2177 4222 2336 4278; x_wconf 60' lang='lat' dir='ltr'><strong>licet?</strong></span> <span class='ocrx_word' id='word_1_544' title='bbox 2385 4221 2505 4283; x_wconf 70' lang='lat' dir='ltr'><strong>Aoi-</strong></span> 
     </span>
     <span class='ocr_line' id='line_1_103' title="bbox 1441 4304 2202 4358; baseline -0.003 0"><span class='ocrx_word' id='word_1_545' title='bbox 1441 4304 1613 4358; x_wconf 72' lang='lat' dir='ltr'><strong>dalius.</strong></span> <span class='ocrx_word' id='word_1_546' title='bbox 2197 4306 2202 4318; x_wconf 90' lang='grc'><em>“</em></span> 
     </span>
    </p>
   </div>
  </div>
 </body>
</html>
