3009 4942
840 411 988 461 mn.
1035 410 1166 461 ιν.
1209 410 1373 460 osv.
1415 394 1524 465 36.
1571 410 2006 461 sumtuum.

314 552 694 621 manuscripto,
746 552 846 605 nisi
901 560 1088 619 postea
1134 555 1385 609 additum.

316 632 595 682 Μοιιιιιιαε.

389 708 489 766 Qui
510 723 569 757 ne
589 707 816 771 ignobiles
836 707 1027 759 haberet
1029 724 1167 773 ,quos
1183 709 1241 759 ab
1263 710 1385 787 epis-

313 787 451 852 tolis]
482 785 737 836 Volumen
780 788 971 851 regium
1005 788 1183 851 habet,
1215 789 1295 852 qui
1328 804 1385 840 ne

241 881 248 885 ·
313 864 547 913 mobiles
577 864 747 913 habere
780 880 891 928 quos
927 865 987 914 ab
1025 866 1237 928 epistolis
1256 872 1303 916 et
1325 866 1386 917 11·-

313 941 458 991 beliis
491 947 540 990 et
573 942 837 991 rationibus
872 945 1093 1007 appellet.
1151 943 1385 1008 Conjicio

311 1017 618 1082 legendum,
644 1018 772 1074 Quin
796 1034 916 1079 euin,
951 1021 1078 1080 sive,
1102 1021 1217 1085 quin
1239 1020 1386 1071 etiam

310 1095 494 1145 nobiles
523 1096 710 1158 habere,
730 1113 842 1162 quos
863 1097 920 1147 ab
942 1099 1167 1162 epistolis,
1186 1106 1233 1149 et
1255 1100 1386 1150 libel-

310 1172 380 1222 lis
415 1178 464 1223 et
498 1174 761 1223 rationibus
796 1176 1017 1239 appellet.
1087 1178 1261 1229 Quare
1308 1177 1384 1227 sic

312 1249 597 1299 emendare
653 1258 957 1300 contextum
1013 1252 1122 1302 ausi
1176 1251 1383 1303 fuimus.

310 1325 592 1377 ΒΙιειιαιιιω.
665 1330 783 1378 Vox
808 1329 915 1393 illa,
930 1329 1120 1394 nobiles,
1140 1338 1385 1395 suspecta

312 1409 400 1453 est
439 1403 647 1454 doctiss.
674 1405 974 1470 interpreti,
1007 1415 1065 1456 ut
1087 1408 1385 1459 necessario

309 1486 408 1530 aut
442 1482 743 1532 mutandum
780 1490 1011 1547 censeat,
1050 1492 1140 1535 aut
1171 1486 1383 1548 ejicien-

312 1557 453 1608 dam.
501 1557 577 1608 At
598 1560 846 1622 rationes,
868 1575 991 1626 quas
1016 1559 1207 1623 adfert,
1228 1563 1382 1613 nullm

313 1640 460 1692 sunt.
505 1634 609 1686 Qui
628 1636 764 1685 enim
790 1637 894 1699 isti,
916 1634 1102 1703 inqui't,
1130 1647 1236 1688 tam
1258 1639 1383 1688 viles

312 1709 538 1775 nobiles,
581 1715 680 1762 διο.
747 1711 910 1778 Atqui
953 1716 1247 1780 Torquatus
1298 1716 1382 1767 hic

307 1789 516 1839 Silanus
541 1797 652 1840 erat
674 1791 811 1841 inter
832 1792 1029 1842 nobiles
1052 1793 1382 1857 clarissimus,

311 1869 418 1915 διο.
452 1864 483 1895 *
551 1867 799 1917 Boxlwrn.

380 1942 589 1993 Nomina
607 1958 796 1993 summoe
809 1960 937 1997 curoe
957 1949 1003 1995 et
1025 1944 1383 2013 meditamenta]

310 2017 529 2069 Addere
551 2021 757 2084 Lipsius
780 2022 924 2087 velit,
941 2023 1314 2072 meditamenta
1294 2037 1384 2073 ιιιι-

302 2098 540 2160 perandi.-
595 2098 680 2147 vel
718 2099 890 2163 potius
932 2101 1133 2166 scribit,
1181 2103 1383 2159 medita-

308 2174 478 2223 menti.
565 2174 711 2224 Nihil
733 2191 831 2240 ego
853 2177 908 2225 in
933 2178 1144 2242 vulgato
1166 2185 1382 2244 mutem,

287 2251 462 2315 'cujus
486 2266 684 2314 sensus,
716 2253 785 2303 ab
817 2254 1070 2318 epistolis,
1091 2254 1156 2304 ab
1178 2255 1386 2319 libellis,

312 2335 370 2378 et
393 2328 680 2380 rationibus
704 2345 815 2381 esse
854 2333 1065 2380 nomina
1087 2338 1145 2382 et
1166 2328 1383 2387 medita·

310 2412 490 2456 menta
510 2419 722 2457 summae
756 2422 918 2459 curae.
983 2408 1054 2457 Et
1077 2407 1250 2460 firmat
1271 2411 1381 2459 vul-

311 2489 489 2545 gatum
511 2481 610 2532 hoc
632 2483 863 2546 geminus
884 2485 1026 2534 locus
1047 2486 1082 2534 l.
1105 2499 1221 2537 xvi.
1251 2488 1268 2517 ⁶
1293 2486 1383 2551 Ip-

313 2573 424 2608 sum
447 2558 637 2609 dehinc
657 2561 884 2610 Silanum
901 2561 1180 2626 increpuit,
1200 2562 1382 2614 iisdem

313 2635 495 2700 quibus
518 2643 757 2700 patruum
781 2638 895 2702 ejus
915 2639 1252 2705 Torquatum,
1274 2647 1383 2691 tan·

313 2726 465 2777 quam
505 2711 806 2777 disponeret
831 2716 947 2779 jam
982 2715 1185 2780 imperii
1220 2732 1388 2781 curas,

311 2788 714 2858 praeficeretque
739 2791 1023 2841 rationibus
1041 2798 1096 2841 et
1115 2793 1306 2843 libellis
1326 2802 1383 2845 et

311 2865 550 2932 epistolis
590 2867 867 2917 Libertos.’
947 2869 1188 2917 Muretus
1224 2884 1382 2934 supra

312 2943 601 3005 scribebat,
622 2945 898 3007 appellaret,
921 2945 1076 2993 omnia
1094 2959 1135 2994 s.
1152 2961 1195 2995 c.
1216 2951 1266 2996 et
1287 2960 1382 2996 ne-

309 3020 591 3070 diemnenta.
661 3020 770 3069 Sed
812 3035 909 3069 nec
950 3021 1070 3069 huic
1115 3022 1382 3073 assentiar.

309 3096 582 3148 Acidalia.
697 3095 952 3146 Defectus
1007 3097 1150 3146 locus
1204 3099 1383 3162 Lipsio

311 3171 544 3237 videtur,
567 3173 690 3223 mihi
711 3188 862 3223 sanus
885 3181 941 3224 et
960 3172 1181 3237 integer.
1217 3175 1386 3224 Inter·

312 3255 497 3313 pretor
534 3251 693 3312 enim,
735 3251 938 3301 nomina
978 3265 1187 3302 summae
1222 3267 1382 3315 curae,

311 3334 369 3377 et
391 3327 553 3377 etiam
575 3342 785 3377 summae
819 3341 962 3377 cnrae
992 3327 1383 3379 meditamenta.

311 3405 546 3455 Pinnem.

377 3481 515 3531 Cu.
574 3485 660 3532 36.
712 3481 920 3532 &cretis
965 3483 1386 3547 imaginationibus

309 3556 528 3622 agitans]
551 3559 695 3609 Nihil
713 3562 1269 3626 mutandum,quamvis
1286 3561 1387 3612 for·

299 3642 454 3695 ,tasse
488 3636 671 3686 melius
704 3637 988 3703 legeretur,
1026 3641 1385 3691 machinationi-

311 3711 415 3776 bus,
470 3725 585 3776 pro,
642 3713 1074 3775 imaginationibus.
1151 3718 1383 3769 Ursinus.

311 3788 457 3838 Mur.
502 3788 943 3839 machinationibus.
1039 3792 1231 3857 Neque
1283 3794 1383 3845 boc

312 3865 608 3926 admittam,
653 3880 756 3916 uon
805 3868 988 3931 magis,
1035 3884 1188 3934 quam
1248 3870 1382 3934 quod

312 3946 492 4008 paullo
532 3951 651 4008 post
690 3961 785 4008 pro
822 3948 1256 4011 necessitudinibus,
1277 3964 1385 4000 mu-

315 4026 398 4071 tat
415 4021 793 4073 necessitatibus.
838 4021 1127 4074 Acidalius.

382 4097 569 4146 Cuncta
610 4097 664 4146 in
702 4112 806 4161 rep.
847 4100 1045 4162 perinde
1086 4102 1280 4151 mota
1331 4117 1387 4152 ac

289 4188 534 4237 spu-aspera
557 4173 694 4239 fore]
740 4172 934 4238 Antea,
971 4177 1143 4227 exinde
1176 4178 1388 4231 immeo.

316 4249 455 4300 Flor.
490 4250 746 4313 periendo.-
778 4266 846 4301 ex
881 4267 982 4317 quo
1018 4268 1140 4319 ego,
1173 4256 1386 4319 per-inde.

316 4325 739 4393 subintelligitur
781 4329 940 4397 enim,
979 4332 1199 4397 perinde
1235 4348 1304 4387 ae
1344 4334 1389 4385 si

2345 395 2522 469 40oe

1460 557 1571 621 ipse
1595 557 1815 608 adesset.
1879 557 1967 608 Sic
1989 557 2162 623 paullo
2186 555 2349 608 iufrat
2382 558 2400 588 ‘
2418 573 2523 625 qun

1461 633 1618 684 fidem
1660 636 1977 700 acquireret,
2013 635 2135 684 nibil
2167 651 2382 701 usquam
2407 650 2526 700 per·

1459 711 1581 761 inde
1607 713 1783 762 laetum
1808 711 1903 761 sibi
1925 710 1958 760 :'
2008 719 2064 763 et
2100 710 2344 762 iuferius:
2381 716 2395 739 ‘
2419 727 2522 765 nou

1460 789 1677 854 perinde
1693 789 1811 839 solis
1828 803 2020 854 vapore
2035 792 2530 853 perrumperenturss

1462 866 1692 916 Pie-hena.

1526 944 1637 1007 Illic
1658 948 1903 993 veneratu
1924 943 2069 1004 Deos,
2103 958 2208 994 σιιιιι
2236 942 2393 993 Vestae
2412 959 2522 1009 qua·

1459 1035 1545 1084 que
1567 1022 1789 1085 templum
1807 1020 1995 1085 inisset]
2037 1022 2260 1084 Vulgata
2287 1022 2445 1071 lectio
2466 1027 2524 1072 et

1459 1097 1725 1147 distinctio
1763 1104 1904 1149 erat.
1932 1097 2064 1147 'audiit
2089 1097 2392 1161 Capitolium,
2424 1097 2526 1148 illic

1458 1179 1764 1224 veneraturus
1799 1174 1944 1224 Deos.
2015 1174 2137 1223 Cum
2168 1173 2321 1224 Vestoe
2351 1188 2526 1238 quoqu

1460 1252 1701 1315 templum,
1719 1254 1800 1315 &a
1869 1251 2142 1299 Meliorem
2163 1250 2416 1300 indicavit
2434 1249 2527 1301 mi·

1458 1326 1512 1376 hi
1529 1328 1668 1376 Flor.
1686 1328 1772 1391 qui
1791 1326 1966 1388 habet,
1982 1331 2245 1376 veneratus.
2277 1328 2525 1381 Pichens.

1526 1405 1650 1454 Hoec
1671 1409 1810 1469 atque
1829 1405 1950 1453 talia
1966 1403 2096 1466 plebi
2127 1404 2334 1454 udentia
2355 1404 2523 1469 suere]

1458 1481 1703 1531 Budense
1734 1481 1999 1543 exemplar
2035 1480 2117 1529 hic
2159 1481 2286 1529 rasis
2327 1481 2527 1546 aliquot

1458 1559 1646 1621 literis,
1658 1556 1818 1607 habet
1834 1557 2055 1606 volentia.
2090 1556 2395 1621 Scripserim
2413 1571 2528 1621 eger,

1465 1636 1584 1685 Haec
1598 1640 1737 1700 atque
1754 1635 1874 1685 talia
1891 1635 2017 1698 plebi
2031 1633 2262 1693 volentis.
2295 1634 2526 1685 Similem

1455 1714 1773 1765 locutionem
1826 1720 2047 1778 usurpat
2098 1712 2152 1762 in
2195 1712 2305 1762 vita
2346 1711 2526 1774 Agrie.

1458 1792 1474 1820 ‘
1499 1792 1681 1856 quue
1722 1790 1871 1839 initio
1915 1797 2096 1838 erecta
2138 1788 2425 1852 provincia,
2467 1793 2528 1838 ut

1458 1868 1646 1935 quibus
1672 1868 1862 1917 bellum
1884 1866 2174 1917 volentibus
2197 1864 2345 1915 erat?
2407 1865 2526 1923 Hoc

1459 1946 1710 1995 sermonis
1765 1959 1929 2008 genus
1994 1943 2196 1993 Graecis
2253 1941 2526 1993 familiare.

1456 2024 1645 2084 Plato;
1678 2022 1816 2071 Ἀλλ’
1839 2020 1925 2086 ὅρα
1962 2020 2008 2070 εἴ
2033 2037 2108 2069 σοι
2142 2018 2416 2081 βουλομένῳ
2454 2019 2527 2080 εἴη

1458 2097 1490 2149 8
1510 2098 1671 2161 λέγω
1712 2100 1766 2148 id
1787 2105 1887 2159 est,
1911 2098 2007 2148 Sed
2037 2098 2143 2146 vide
2175 2113 2289 2147 num
2325 2097 2418 2147 tibi
2449 2113 2529 2147 vo·

1457 2177 1576 2226 lenti
1596 2176 1960 2240 sint-quedico.
2024 2174 2253 2237 Gregor.
2305 2175 2529 2224 Nazian-

1459 2269 1636 2317 zenus,
1660 2251 1905 2316 ἐνέπαιζον
1924 2251 2016 2301 ὅσα
2034 2248 2337 2313 βουλομένοις
2358 2248 2449 2310 fir:
2469 2250 2526 2301 id

1459 2341 1559 2394 est,
1621 2332 1877 2381 Ilbtserunt
1932 2343 2206 2393 quaecunque
2264 2329 2528 2380 volentibus

1458 2415 1614 2459 erant.
1681 2410 1767 2459 Sic
1808 2409 1952 2458 Hist.
1985 2409 2017 2457 l.
2041 2421 2129 2456 111.
2161 2406 2178 2434 ‘
2203 2406 2540 2471 eaeterisque·

1460 2501 1729 2536 remanere
1755 2492 1811 2535 et
1834 2487 1888 2534 in
1909 2485 2069 2534 verba
2090 2482 2398 2547 Vespasiani
2423 2482 2530 2533 adi-

1458 2564 1511 2628 gi
1556 2563 1852 2613 volentibus
1895 2559 2035 2610 fuit!
2119 2561 2238 2612 Quo
2275 2561 2390 2609 loco
2430 2572 2528 2609 nos

1457 2640 1745 2690 dictionem
1794 2640 1994 2688 liberum
2046 2652 2079 2688 a
2130 2636 2528 2701 castigatoribus

1455 2716 1694 2766 infultam
1716 2716 2081 2765 submovimus.
2104 2715 2379 2778 Expressit
2392 2714 2526 2763 hauc

1456 2793 1673 2859 figuram
1698 2801 1896 2844 amator
1933 2792 2246 2843 Hellenismi
2272 2789 2532 2841 Macrobi-

1458 2886 1541 2935 us,
1558 2886 1713 2936 quum
1738 2869 1927 2935 inquit,
1959 2870 1974 2897 ‘
1989 2869 2044 2919 Si
2068 2868 2214 2918 vobis
2234 2867 2527 2921 volentibus

1458 2946 1573 2998 est!
1660 2946 1831 3009 Hujus
1876 2945 2081 3009 generis
2125 2952 2179 2994 et
2217 2944 2343 2994 illud
2390 2944 2530 3011 quod

1458 3021 1595 3071 Anu.
1620 3022 1653 3072 l.
1676 3035 1716 3071 1.
1747 3025 1763 3048 ‘
1790 3022 1865 3070 Ut
1899 3021 2190 3086 quibusque
2228 3020 2420 3075 bellum
2455 3022 2530 3075 in-
2636 3048 2653 3055 ·

1456 3099 1600 3158 vitis,
1641 3104 1735 3148 aut
1777 3098 2112 3162 cupientibus
2167 3098 2335 3149 eratz'
2386 3098 2529 3164 quod

1457 3181 1692 3232 auctores
1716 3174 1891 3224 Graeci
1932 3174 2114 3225 dicunt
2147 3173 2424 3238 ἀχθομένοις
2454 3174 2530 3239 ἣν,

1457 3258 1517 3302 et
1556 3249 1797 3312 ἡδομένοις
1837 3249 1912 3310 ἣν.
1980 3253 2097 3302 Nec
2134 3258 2216 3302 est
2252 3253 2527 3303 admodum

1456 3328 1705 3380 dissimile
1729 3329 1869 3393 quod
1891 3329 2075 3381 eodem
2114 3329 2150 3378 1.
2176 3343 2216 3378 ι.
2239 3328 2379 3379 iufra
2399 3330 2530 3392 legi-

1458 3412 1573 3458 turz
1605 3407 1622 3434 ‘
1647 3406 1952 3456 volentibus
1976 3403 2234 3455 Armeniis
2258 3403 2531 3468 praefecit?

1458 3484 1598 3534 Item
1625 3482 1767 3532 Hist.
1789 3482 1879 3531 lib.
1902 3496 1967 3531 11.
2014 3482 2029 3509 ‘
2055 3481 2295 3531 Mutiano
2331 3480 2530 3531 volenti

1460 3561 1715 3623 scripsere
1737 3560 1770 3608 :'
1837 3573 2144 3623 quamquam
2192 3558 2248 3606 in
2303 3556 2528 3622 vulgatis

1461 3636 1772 3688 editionibus
1792 3638 1925 3686 male
1949 3635 2139 3700 legitur
2160 3636 2377 3685 volentia.
2422 3635 2529 3686 sed

1462 3714 1531 3764 de
1545 3714 1642 3764 hac
1661 3712 1830 3778 figura
1845 3713 2200 3762 admonuimus
2217 3714 2311 3762 sub
2326 3713 2531 3765 initium

1460 3791 1655 3857 operis,
1671 3798 1726 3841 et
1749 3790 1854 3840 suis
1873 3789 2059 3839 deinde
2077 3789 2218 3839 locis.
2256 3790 2530 3841 Κὶιειιωιιιι.

1462 3871 1735 3921 Cornelius
1750 3868 2055 3932 frequenter
2071 3868 2236 3917 utitur
2251 3869 2348 3918 hac
2367 3867 2532 3919 forma

1461 3946 1695 4005 dicendi,
1715 3951 1922 4009 sumpta
1960 3958 1990 3992 a
2030 3944 2254 3993 Graecis.
2316 3944 2530 3997 Sallust.

1461 4038 1627 4088 prope
1647 4021 1801 4071 finem
1825 4020 2071 4084 Jugurth.
2114 4022 2131 4047 ‘
2159 4021 2282 4070 Non
2303 4027 2408 4069 tam
2432 4020 2532 4071 dit·

1461 4101 1683 4152 fidentia
1736 4100 1930 4162 futura,
1982 4115 2097 4164 quae
2155 4100 2531 4163 imperavisset,

1462 4195 1613 4244 quam
1658 4180 1736 4228 uti
1775 4176 2027 4227 militibus
2066 4182 2371 4240 exaequatus
2410 4190 2527 4226 cum

1462 4255 1788 4320 Imperatore
1830 4253 1978 4307 labor
2014 4252 2311 4304 volentibus
2355 4250 2531 4303 esseta'

1461 4333 1732 4387 fer-reim.
1796 4331 2028 4398 Reposui
2045 4345 2114 4382 ex
2133 4326 2276 4381 Flora
2298 4329 2530 4393 verbnm,
