3009 4942
1149 458 1406 514 Aemo.
1452 462 1618 516 cAP.
1655 449 1770 521 12.

346 595 679 670 proepouere.
746 596 903 672 Cujus
932 620 1015 658 res
1038 612 1210 673 ‘gestae
1234 607 1275 657 si
1300 607 1414 672 pari

345 678 593 732 facundia
615 692 904 748 narrentur,
926 687 1039 749 plus
1064 685 1414 734 admirationis

343 760 569 821 posteris
593 752 813 811 afferent
835 777 988 827 quam
1007 763 1154 811 nobis
1177 777 1259 812 res
1283 763 1412 813 Julii

342 832 586 899 Caesaris,
611 843 700 885 aut
724 837 1008 889 Alexandri
1026 840 1205 902 Magni
1226 840 1413 888 attule-

345 918 487 962 runt.
554 915 824 966 Barclains.
970 932 1005 971 e

408 989 471 1038 In
485 981 624 1051 'bellis
643 992 895 1056 floruisse]
928 994 1011 1041 Ita
1035 990 1264 1058 loquitur
1287 991 1409 1042 alibi

336 1076 547 1130 ‘quoqne
571 1074 763 1130 noster,
803 1071 913 1119 etl.
936 1083 1022 1119 111.
1091 1068 1407 1132 At*Strabo,

339 1142 440 1191 διο.
464 1142 494 1171 ¹*
554 1143 598 1192 A
623 1144 804 1208 quibus
822 1161 923 1194 non
947 1147 1267 1208 discrepant,
1290 1161 1405 1210 quae

339 1219 409 1269 de
449 1221 615 1271 Gallis
655 1238 859 1272 suorum
895 1230 1184 1287 temporum
1225 1223 1404 1287 prodit

339 1290 643 1348 Ammianus
661 1301 1016 1350 Marcellinus.
1045 1301 1286 1366 Denique
1303 1317 1406 1351 om-

336 1373 425 1423 nia
468 1376 682 1425 aliorum
729 1378 963 1427 encomia
1008 1380 1221 1441 superat
1276 1379 1401 1428 illud

336 1449 645 1515 Hieronymi
663 1454 905 1503 adversus
915 1455 1269 1517 vigilantium:
1286 1457 1301 1484 ‘
1315 1456 1406 1506 So-

332 1527 386 1576 la
405 1529 577 1578 Gallia
590 1539 819 1580 monstra
836 1547 936 1580 non
955 1532 1154 1591 habuit,
1171 1532 1263 1580 sed
1284 1534 1401 1581 viris

333 1618 541 1668 semper
563 1605 860 1655 fortissimis
884 1615 940 1656 et
962 1608 1400 1672 eloquentissimis

329 1680 652 1733 abundavit!
727 1682 1019 1746 Virdungus.

397 1759 535 1808 CAP.
560 1763 637 1809 12.
662 1761 721 1809 In
731 1762 892 1824 pedite
909 1761 1070 1825 robur]
1091 1763 1165 1811 Ut
1183 1767 1238 1812 et
1259 1763 1397 1827 apud

331 1834 653 1887 Macedonas
676 1839 797 1888 olim
822 1845 877 1888 et
901 1841 1176 1890 Romanos.
1229 1840 1394 1903 Vege-

329 1912 434 1962 tius
459 1928 523 1965 11.
547 1920 595 1963 1.
662 1918 810 1966 Idem.

395 1988 656 2040 Honestior
666 1995 856 2056 curig-c,
870 1995 1062 2044 clientes
1071 1993 1394 2057 propugnant]

325 2062 490 2116 Secus
511 2069 650 2131 apud
675 2070 889 2119 Graecos
911 2077 965 2120 et
987 2071 1269 2134 Trojanos:
1305 2071 1395 2119 do-

324 2141 453 2191 mini
475 2145 606 2193 enim
630 2159 809 2194 currus
837 2146 1152 2210 pugnabant,
1178 2146 1260 2210 qui
1285 2146 1393 2195 He·

326 2219 502 2281 sychio
548 2219 819 2284 napassdraz
862 2214 1187 2282 dicebantur,
1233 2223 1279 2271 oi
1314 2222 1392 2271 ἐπὶ

322 2295 423 2341 τῶν
439 2293 613 2359 δίφρων
644 2298 846 2348 {cviii-es
865 2298 1143 2363 μαχόμενοι,
1175 2299 1217 2348 oi
1245 2299 1390 2364 κύριοι

319 2373 418 2434 τῶν
439 2370 682 2435 &padi-mv:
718 2376 752 2424 i.
783 2391 872 2439 pro
892 2377 1108 2426 curribus
1124 2382 1391 2440 pugnantes

319 2454 547 2498 curruum
581 2452 776 2501 domini.
845 2452 995 2518 lique
1018 2454 1278 2518 digniores
1302 2470 1389 2504 au-

319 2524 467 2591 rigis,
510 2533 570 2576 ut
586 2560 593 2563 -
609 2527 843 2578 Achilles
883 2529 1290 2596 Automedonte,
1326 2537 1391 2581 ut

320 2600 527 2651 Hector
549 2603 803 2669 Iniopaeo.
871 2607 1154 2657 Salinerius.

388 2676 522 2729 Olim
560 2683 752 2743 regibus
788 2683 1045 2747 parebant]
1095 2683 1384 2734 Aristocra-

316 2753 447 2804 tiam
491 2759 741 2824 eandem,
770 2774 887 2824 quae
930 2759 1069 2823 apud
1111 2760 1290 2810 Celtas
1332 2766 1395 2809 et‘

318 2829 625 2898 Germanos,
642 2834 927 2893 obtinuisse
949 2836 1086 2902 apud
1110 2837 1389 2886 Britannos

318 2902 551 2960 censent.
618 2912 757 2962 Vide
795 2913 1101 2963 Strabonem
1122 2913 1159 2962 l.
1182 2927 1260 2963 ιν.
1311 2914 1393 2963 Ut

313 2979 371 3032 hi
394 2998 540 3049 reges
577 2984 772 3037 fuerint
812 2994 873 3038 ut
906 2989 1173 3053 Laconici,
1206 2997 1386 3054 reapse

311 3059 443 3117 nihil
463 3062 560 3113 nisi
583 3066 908 3128 optimatium
927 3067 1204 3131 principes.
1251 3069 1384 3117 Con·

314 3139 537 3190 tran-ium
560 3147 733 3192 tamen
749 3144 955 3193 videtur
975 3145 1061 3199 hic
1083 3145 1226 3194 locus
1246 3145 1383 3197 voci,-

310 3210 495 3279 ferari,
529 3228 686 3282 quum
719 3232 856 3281 reges
892 3226 947 3268 et
981 3219 1223 3284 principes
1245 3220 1389 3269 inter

312 3304 370 3341 se
415 3295 649 3357 opponit.
733 3295 849 3345 Nisi
888 3295 1142 3358 dicamus,
1175 3311 1383 3359 semper

311 3366 522 3431 quidem
545 3369 872 3435 Optimatum
891 3369 1121 3432 regimen
1138 3369 1271 3420 inibi
1293 3370 1383 3420 ob·

312 3442 546 3507 tinuisse,
581 3438 675 3494 sed
708 3445 828 3494 olim
855 3445 1061 3509 quidem
1085 3446 1200 3494 cum
1225 3445 1381 3495 Priu-

230 3530 235 3533 “
309 3518 511 3583 cipatu,
528 3525 654 3584 post
675 3519 785 3570 sine
819 3520 1144 3584 Principatu.
1209 3521 1379 3571 Caete.

308 3610 427 3646 rum
448 3597 663 3649 verbnm
699 3613 867 3662 parere
897 3599 1136 3662 ingerere
1168 3597 1381 3649 videtur

305 3668 522 3738 regnum
541 3676 615 3725 sic
635 3675 842 3740 proprie
856 3675 1073 3726 dictum.
1112 3677 1379 3741 Principes,

306 3747 348 3798 ii
369 3752 379 3796 ἵ
388 3751 744 3816 magistratus,
780 3746 882 3816 qui'
911 3758 1114 3816 partem
1150 3752 1375 3817 aliquam

307 3827 481 3890 gen'tls
500 3828 784 3878 curabant:
809 3843 926 3893 quae
944 3835 1139 3892 partes,
1154 3832 1377 3894 majores

307 3903 518 3968 quidem
548 3906 722 3968 Ῥη-ι’,
765 3906 989 3956 minores
1034 3901 1213 3956 'autem
1265 3907 1381 3957 Vici-

304 3987 577 4031 vocantur.
625 3983 910 4044 Virdungw.
975 3983 1175 4032 Alienae
1214 3983 1373 4037 inter.-

306 4059 631 4121 pretationes
669 4075 732 4107 ex
766 4073 833 4108 eo
866 4067 1017 4121 natae,
1036 4061 1174 4124 quod
1215 4061 1379 4124 Reges.

306 4141 364 4191 et
405 4135 653 4198 Principes
688 4136 1104 4186 existimaverint
1137 4139 1277 4188 inter
1310 4152 1379 4187 se.

303 4211 523 4274 opponi.
590 4212 734 4264 Nihil
753 4209 992 4275 profecto
1020 4213 1217 4263 minus:
1252 4228 1372 4265 nam

304 4285 740 4352 quemadmodum
760 4287 1010 4350 olim,.ita
1041 4297 1098 4343 et
1126 4290 1224 4344 'illa
1246 4297 1381 4341 tem-

302 4362 515 4429 pestate
551 4376 703 4428 reges
734 4364 1177 4421 iutetnritannos
1204 4375 1381 4421 etanta

2379 450 2559 533 4391·

1490 607 1744 672 Cogiduni
1789 623 1936 674 reges
1975 616 2030 662 et
2064 612 2314 664 Voadlcae
2353 616 2558 679 generis

1490 686 1619 749 regii
1640 685 1865 736 foeminae
1889 688 1983 738 hoc
2021 689 2156 740 libro
2178 691 2414 742 meminit
2436 701 2557 744 nosi

1488 770 1590 813 ter.
1658 764 1840 813 Parere
1879 764 2036 829 igitur
2079 774 2135 816 et
2167 767 2461 828 factionibus
2498 767 2557 819 ac

1483 839 1658 888 studiis
1695 834 1825 889 trahi
1867 842 1949 891 hic
1984 851 2333 907 opponuntur.
2421 846 2553 895 Cum

1483 919 1695 978 paruisse
1730 917 1874 979 dicit,
1906 918 2148 984 intelligit
2185 921 2556 986 promptitudi-

1484 1006 1600 1040 nem
1618 993 1852 1058 obsequii
1869 1000 2022 1059 atque
2040 1001 2227 1044 statam
2246 998 2360 1060 ejus
2375 996 2550 1049 fidem.

1483 1066 1675 1119 Studiis
1695 1071 2047 1130 cisat-tionibus
2077 1074 2207 1122 trahi
2244 1075 2368 1124 nihil
2396 1081 2477 1124 est
2499 1091 2553 1126 a·

1482 1144 1782 1212 liud‚quam
1817 1149 2076 1197 intestinis
2121 1149 2410 1214 principum
2446 1152 2550 1201 dis-

1481 1222 1673 1272 coi-diis
1702 1224 2029 1287 motibusque
2054 1239 2108 1273 se
2133 1226 2385 1288 praebere.
2452 1227 2556 1279 At·

1479 1312 1580 1361 que
1634 1299 1711 1348 his
1756 1300 1964 1364 quidem
2014 1302 2341 1350 occasionem
2372 1294 2551 1353 'dabat

1478 1375 1593 1438 ipsa
1616 1377 1906 1441 principum
1938 1377 2236 1426 multitudo.
2305 1377 2448 1427 Olim
2469 1379 2552 1429 illi.

1477 1454 1749 1515 pauciores
1794 1459 1848 1503 et
1891 1454 2081 1517 singuli
2136 1454 2367 1518 pluribus
2415 1469 2550 1518 prm-2

1475 1531 1645 1590 erant,
1670 1536 1849 1593 postea
1889 1545 2011 1579 vero
2048 1530 2263 1593 singulae
2305 1531 2546 1587 civitates

1476 1607 1704 1669 singulos
1755 1607 1986 1656 dominos
2043 1607 2288 1656 habuere.
2378 1608 2545 1658 Iidem

1474 1681 1635 1745 igitur
1649 1684 1908 1747 principes,
1946 1682 2038 1732 sed
2062 1696 2160 1730 non
2195 1683 2376 1732 eadem
2399 1684 2548 1734 obse-

1475 1760 1583 1824 quii
1628 1761 1908 1810 modestia.
1996 1761 2193 1809 Eadem
2240 1761 2543 1824 auctoritas,

1474 1836 1568 1884 sed
1609 1851 1710 1886 non
1762 1837 1940 1886 eadem
1984 1838 2282 1898 concordia,
2322 1837 2414 1886 sed
2442 1853 2541 1895 nec

1472 1928 1716 1963 numerus
1759 1915 1898 1963 idem
1947 1929 2130 1975 regum.
2201 1915 2543 1966 Boxhornius.

1472 1989 1737 2055 Quicquid
1771 1990 1932 2051 dicat,
1968 2005 2072 2039 uon
2110 1989 2323 2053 efficiet,
2361 1991 2542 2043 iit-hic

1469 2067 1658 2116 Tacito
1679 2067 1836 2116 iidem
1859 2068 1963 2116 sint
1981 2082 2130 2129 reges,
2150 2069 2237 2131 qui
2269 2068 2546 2133 principes-z

1470 2155 1590 2191 nam
1631 2142 1864 2205 Princeps
1899 2156 2001 2204 pro
2042 2157 2165 2204 rege
2204 2149 2293 2191 aut
2327 2158 2409 2203 eo,
2451 2142 2539 2211 qui

1469 2231 1600 2266 unus
1622 2230 1873 2267 summum
1905 2219 2177 2281 imperium
2212 2233 2538 2284 quocumque

1467 2294 1674 2344 nomine
1716 2295 1936 2356 obtinet,
1978 2301 2088 2344 tum
2129 2301 2285 2346 extra
2321 2297 2537 2350 Romam

1467 2384 1618 2420 nemo
1639 2371 1911 2422 dicebatur
1934 2389 1950 2421 ε,
1985 2370 2076 2421 sed
2112 2371 2166 2420 in
2190 2373 2393 2424 Graecis
2418 2373 2537 2425 bars
2594 2413 2599 2418 .

1464 2446 1707 2512 bai-isque
1729 2447 1966 2513 gentibus
1984 2449 2204 2511 princeps
2225 2448 2367 2513 apud
2391 2454 2538 2519 vete-f

1464 2537 1547 2572 res
1568 2524 1783 2574 Latinos
1806 2525 1932 2574 nihil
1970 2524 2111 2575 aliud
2152 2532 2233 2575 est
2255 2537 2418 2589 quam'
2442 2527 2537 2581 ali-2

1464 2599 1578 2664 quis
1592 2614 1887 2664 procerum,
1901 2602 2250 2665 optimatium,
2265 2601 2536 2657 nobilium:

1463 2683 1522 2727 ut
1540 2676 1789 2727 Ismenias
1823 2678 2142 2729 Thebanorum
2161 2679 2392 2741 princeps,
2415 2676 2534 2729 Aris

1461 2754 1700 2809 stetimus
1716 2755 1874 2808 etiam
1892 2762 2012 2805 ante
2031 2754 2362 2819 tyrannidem
2373 2769 2530 2805 occu-

1461 2837 1638 2894 patam
1663 2831 2065 2897 Hellanicusqne
2096 2832 2356 2895 principes.
2373 2831 2534 2883 Elim

1457 2910 1605 2971 sitini,
1661 2909 1932 2961 Miltiades
1982 2911 2230 2973 caeteriqne
2291 2909 2531 2974 principes

1459 2990 1839 3053 Atheniensium,
1859 2997 1914 3040 et
1932 2986 2171 3054 principes
2199 2989 2416 3039 civitatis
2432 2988 2530 3039 Ar·

1456 3081 1650 3128 goram.-
1704 3066 1760 3115 in
1799 3067 1971 3129 regnis
2009 3073 2270 3130 satrapeS,
2310 3071 2528 3129 praetor,

1461 3141 1766 3206 praefectus,
1809 3149 2144 3205 purpuratus,
2198 3141 2410 3201 amicus
2447 3154 2529 3191 ree

1458 3219 1592 3283 gius.
1648 3217 2016 3282 Olim,inquit,
2036 3218 2089 3266 in
2112 3218 2273 3266 certis
2293 3217 2525 3280 personis

1455 3292 1764 3357 familiisque
1780 3293 2131 3345 fundabantur
2155 3306 2317 3354 regna
2337 3298 2532 3355 gente&

1455 3369 1796 3435 complurium
1852 3370 2157 3434 populorum
2215 3370 2524 3432 complexa:

1453 3448 1596 3512 dein,
1617 3454 1675 3496 ut
1698 3452 1754 3497 et
1774 3462 1930 3509 nunc,
1966 3445 2088 3495 fato'
2110 3446 2209 3494 illis
2246 3451 2340 3494 aut
2373 3443 2529 3497 desti&

1453 3525 1653 3575 tutione
1685 3508 1929 3585 'sublatis,
1972 3521 2193 3575 dissiluit
2236 3520 2528 3575 validorum

1450 3599 1655 3651 illorum
1694 3610 1973 3664 corporum
2016 3598 2207 3659 unitas,
2249 3604 2305 3647 et
2340 3597 2531 3655 distrus-

1450 3676 1665 3737 huntur,
1709 3682 1865 3738 prout
1912 3675 2102 3740 aliqu-is
2148 3689 2423 3738 procerum
2462 3678 2525 3730 et

1450 3752 1710 3817 quondam
1745 3750 1957 3815 regibus
1989 3752 2350 3814 proximorum
2380 3750 2430 3803 vi
2464 3756 2526 3805 et

1450 3829 1649 3884 artibus
1686 3829 1751 3879 ad
1790 3829 2024 3883 homines
2056 3826 2408 3892 adjungendos
2432 3826 2526 3880 cli..

1448 3913 1702 3970 cutesque
1724 3906 1976 3970 parandos
1999 3911 2055 3957 et
2074 3903 2372 3954 retinendos
2398 3917 2520 3955 eva·

1448 3982 1570 4042 luit.
1627 3982 1715 4035 Sic
1770 3981 2072 4043 Alexandro
2124 3986 2179 4029 et
2235 3979 2523 4044 majoribus

1447 4059 1564 4122 ejus
1606 4057 1817 4121 regibus
1862 4058 2119 4121 parebant
2158 4056 2520 4109 Macedones:

1448 4144 1505 4195 et
1548 4151 1611 4189 eo
1653 4142 1855 4193 mortuo
1890 4134 2200 4190 factionibus
2235 4142 2291 4185 et
2330 4133 2526 4191 studiis

1447 4212 1885 4275 distrahebantur,
1919 4211 2087 4260 donec
2109 4211 2261 4282 pauci
2279 4238 2284 4243 ·
2299 4223 2522 4273 oppres·

1447 4290 1519 4341 sis
1541 4289 1655 4343 aliis
1676 4303 1812 4338 nova
1836 4303 1997 4353 regna
2017 4287 2303 4343 firmarent.
2368 4285 2518 4337 Talis

1447 4374 1565 4419 erat
1585 4374 1757 4418 status
1780 4365 1988 4430 Galliae,
2006 4367 2106 4423 διο,
2137 4365 2169 4397 ¹*
2236 4363 2446 4423 Gronov.
2511 4390 2517 4413 ;
