3009 4942
444 402 634 492 ‘2782

453 581 694 634 Desitum
709 582 819 647 jam
857 580 1060 647 pridem
1084 580 1332 631 orationis
1356 592 1519 644 genus

453 659 625 724 ipsum
659 674 862 724 quoqne
898 659 1160 709 Tiberium
1199 656 1517 706 adverterat.

456 735 593 789 Tum
614 736 722 794 ille,
737 738 750 764 ‘
770 735 940 796 Audi:
958 735 1139 799 inquit,
1160 734 1175 763 ‘
1193 735 1383 796 Caesar,
1397 733 1520 797 quid

457 810 550 873 sit,
593 812 727 875 quod
765 826 940 861 omnes
978 827 1073 861 nos
1119 811 1215 860 tibi
1254 824 1520 859 succense-

455 901 602 936 mus:
639 902 803 951 neque
840 895 1008 937 tamen
1047 888 1318 952 quisquam
1354 886 1520 936 libere

459 966 639 1035 dicere
664 967 858 1026 audet!
928 967 1314 1016 Cohorruerunt
1345 979 1520 1014 omnes

458 1041 778 1103 dubitantes,
808 1058 909 1106 quo
935 1044 1143 1091 tandem
1178 1056 1422 1090 evasurus
1445 1056 1520 1089 es·

456 1125 558 1170 set.
622 1119 697 1168 At
730 1120 835 1176 ille,
867 1119 882 1146 ‘
905 1116 1174 1181 Negligis:
1196 1118 1382 1181 inquit,
1410 1118 1425 1143 ‘
1446 1125 1521 1165 te-

454 1196 754 1259 metipsum,
809 1196 1111 1256 (dicendum
1168 1195 1301 1244 enim
1357 1194 1521 1243 libere

460 1270 577 1337 est)
604 1287 774 1338 neque
798 1273 1033 1336 corporis
1066 1273 1140 1322 tui
1165 1287 1339 1323 curam
1363 1273 1543 1321 ullam·

459 1349 624 1413 geris:
659 1364 892 1399 maceras
941 1359 992 1401 te
1035 1351 1240 1399 assidue
1279 1351 1413 1400 curis
1459 1364 1522 1399 ac

453 1426 719 1476 laboribus
747 1443 902 1476 causa
919 1434 1101 1476 nostra
1123 1427 1408 1491 susceptis:
1432 1440 1523 1475 ne-

454 1504 561 1570 q'ue
592 1504 820 1553 interdiu
859 1519 1026 1569 neque
1059 1510 1217 1553 noctu
1255 1503 1523 1567 conquies-

458 1578 573 1631 αἰεὶ.
608 1580 759 1630 Talia
781 1583 941 1630 multa
959 1580 1293 1630 continuante
1320 1594 1381 1629 ac
1401 1592 1522 1628 cou-

461 1655 680 1708 ‘texente
703 1659 811 1720 illo,
837 1658 1040 1708 Cassius
1061 1657 1281 1717 Severus
1304 1658 1379 1706 »ad
1411 1671 1520 1719 eos,

458 1734 547 1799 qui
565 1734 663 1784 sibi
679 1730 1305 1799 adsidebant,conversus,
1323 1735 1340 1762 ‘
1352 1737 1520 1788 Quam

456 1809 670 1872 metuo,’
693 1810 875 1875 inquit,
906 1813 924 1838 ‘
947 1824 1010 1859 ne
1046 1811 1132 1860 illa
1165 1811 1379 1860 libertas
1401 1811 1520 1860 huic

453 1886 648 1936 homini
669 1887 890 1936 exitiosa
914 1886 1017 1936 sit!
1053 1888 1292 1936 Muretus.

525 1963 705 2026 Corpus
741 1961 967 2024 humeris]
1055 1964 1159 2015 Qui
1203 1964 1384 2024 honor,
1423 1962 1522 2012 nisi

453 2035 628 2102 fallor,
645 2039 802 2089 Sullae
827 2039 1033 2088 habitus
1069 2039 1235 2101 primo
1269 2039 1521 2088 Romano-

456 2128 589 2163 rum.
657 2114 953 2178 Appianum
978 2116 1093 2178 lege
1116 2129 1155 2164 1.
1181 2114 1332 2163 Civil.
1368 2114 1502 2178 Dips.

462 2222 473 2229 -
523 2192 765 2240 Haueris.
783 2191 1072 2253 senatorum]
1139 2192 1220 2240 Ex
1260 2191 1523 2255 cubiculo,

432 2267 511 2317 *iu
548 2283 649 2333 quo
681 2276 915 2317 mortuus
940 2274 1075 2330 erat,
1106 2267 1441 2332 quadraginta
1463 2268 1522 2317 il·

454 2346 564 2395 lum
603 2346 905 2408 praetoriani
939 2346 1130 2396 milites
1167 2347 1218 2394 in
1259 2345 1520 2409 publicum

456 2424 766 2473 extulerant.
835 2423 967 2473 Inde
987 2423 1289 2474 decuriones
1311 2423 1520 2473 munici-

428 2532 432 2537 -
452 2498 654 2563 piorum
672 2494 735 2549 'et
757 2501 1072 2550 coloniarum
1094 2501 1333 2551 Bovillas¹
1358 2515 1521 2565 usque

455 2575 887 2639 deportaverunt.
975 2578 1059 2627 Ibi
1109 2593 1228 2628 eum
1278 2586 1523 2643 equester

454 2653 584 2702 ordo
599 2661 894 2717 susceptum
917 2656 968 2704 in
986 2655 1167 2704 urbem
1185 2656 1523 2717 intulerat,et

454 2728 511 2777 in
529 2730 786 2778 vestibulo
810 2729 992 2779 domus
1016 2732 1318 2781 collocarat.
1367 2732 1523 2781 Unde

456 2803 729 2868 acceptum
753 2814 1014 2855 senatores
1040 2809 1089 2856 iu
1110 2808 1370 2873 Campum
1383 2809 1524 2858 Mar·

454 2881 590 2931 tium
628 2883 929 2934 intulerunt.
995 2884 1084 2934 Ita
1116 2886 1205 2951 qui
1240 2886 1386 2935 vivus
1416 2901 1522 2935 om-

454 2958 599 3007 nium
641 2959 940 3009 libertatem
985 2968 1340 3025 oppresserat,
1388 2978 1525 3012 mor-

453 3028 576 3084 tuus
599 3037 823 3087 omnium
845 3038 1082 3088 humeros
1101 3039 1308 3102 pressit.
1342 3041 1523 3089 Muret.

462 3147 469 3156 .
519 3112 726 3162 Remi-sit
769 3114 957 3176 Coesar]
1024 3115 1194 3166 Quid?
1248 3130 1349 3165 non
1396 3125 1522 3180 ergo

455 3191 654 3240 elatum
690 3207 879 3256 corpus
920 3194 1144 3243 humeris
1184 3196 1519 3246 Senatorum?

453 3266 554 3316 Est
595 3282 734 3319 vero.
819 3269 1125 3319 Suetonius:
1179 3271 1518 3322 ‘Senatorum

450 3340 675 3392 humeris
710 3344 913 3396 delatus
949 3347 1001 3394 in
1042 3362 1285 3411 campum
1325 3365 1520 3400 crema-

452 3419 673 3483 tusque.'
740 3420 888 3470 Idem
914 3423 1035 3472 Dio.
1100 3423 1175 3473 At
1199 3426 1520 3476 Remittendi

451 3494 671 3545 verbum
693 3511 755 3545 eo
780 3499 939 3559 valet,
975 3508 1033 3549 ut
1070 3515 1171 3549 non
1209 3502 1277 3551 sit
1307 3500 1520 3554 factum.

451 3569 570 3621 Lib.
590 3586 666 3622 ιν.
699 3573 959 3623 ‘Remissa
996 3575 1251 3626 AEdilibus
1289 3579 1407 3627 talis
1431 3595 1518 3629 cu-

452 3647 550 3698 ra!
618 3648 734 3697 Lib.
784 3663 865 3698 ιι.
911 3652 1286 3703 ‘Hortantibus
1331 3654 1518 3705 dehinc

450 3723 678 3775 inediam
718 3732 774 3775 et
814 3728 982 3776 levem
1007 3730 1221 3792 exitum,
1248 3732 1517 3781 remittere

450 3800 764 3852 beneficium
812 3804 1075 3854 Asiaticus
1132 3807 1240 3855 ait.'
1327 3808 1516 3858 Scribo

449 3889 594 3942 ergo,
612 3879 833 3941 permisit
859 3881 1041 3930 Coesar.
1089 3883 1187 3931 Sed
1213 3897 1325 3932 eam
1348 3874 1515 3948 ipsam

449 3954 835 4015 permissionem
883 3965 1207 4020 arrogantem
1248 3973 1362 4007 esse
1405 3961 1514 4010 vult

447 4029 696 4078 Tacitus:
720 4032 839 4095 quia
862 4046 956 4095 per
982 4035 1210 4095 speciem
1231 4035 1515 4098 modestiae,

447 4110 506 4154 et
529 4106 673 4170 quasi
700 4123 924 4170 pugnare
970 4124 1084 4158 cum
1116 4110 1309 4170 Senatu
1334 4114 1514 4174 nollet,

445 4176 629 4231 habuit
666 4185 1045 4246 :amplissimum
1094 4187 1327 4237 ordinem
1375 4190 1513 4240 inter

446 4256 776 4320 'vespillones
856 4261 1031 4312 Simile
1077 4263 1203 4312 illud
1248 4264 1284 4314 l.
1322 4279 1400 4314 v1.
1444 4266 1512 4315 de

449 4329 630 4384 Asinio
665 4332 847 4388 Gallo:
880 4335 897 4365 ‘
915 4336 1298 4407 consultusque
1334 4340 1513 4393 Caesar

1808 284 1827 308 Ι

1154 434 1373 487 No'rAE
1419 436 1826 486 vammum
1875 436 1957 485 IN

1597 593 1662 628 an
1686 577 1894 642 sepeliri
1920 576 2133 641 sineret,
2155 590 2258 627 non
2295 575 2505 628 erubuit
2540 586 2660 642 per·

1596 653 1840 704 mittere?
1873 654 2083 717 Lipsius.

1660 732 1788 780 Add.
1822 731 1907 779 De
1930 728 2253 781 correctione
2276 742 2412 778 nunc
2434 727 2656 794 ambigo,

1596 808 1719 873 quia
1760 807 1938 857 docuit
1976 823 2059 857 me
2102 809 2181 857 vir
2220 809 2306 857 ille.
2342 810 2430 873 qui
2464 821 2660 871 omues,

1597 885 1891 951 (Cujacium
1948 886 2082 947 dico,
2119 901 2271 950 quem
2328 901 2478 935 nemo
2532 886 2657 936 satis

1597 978 1839 1027 umquam
1862 963 2073 1014 miratus
2096 972 2179 1012 est
2211 964 2299 1030 qui
2333 964 2504 1027 cepit)
2524 978 2662 1013 eam-

1598 1040 1715 1089 dem
1763 1041 1862 1088 vim
1909 1041 2079 1089 inesse
2121 1040 2281 1089 verbo
2327 1039 2663 1090 Remittendi.

1598 1116 1851 1180 Exempla
1897 1116 2036 1179 apud
2087 1118 2251 1180 ipsum
2296 1117 2346 1164 in
2390 1116 2660 1179 postremis

1597 1192 2080 1242 observationibus.
2149 1195 2218 1242 Et
2240 1208 2360 1242 sane
2383 1193 2433 1241 in
2461 1194 2659 1244 Irenaeo

1597 1269 1753 1319 etiam
1777 1269 1906 1332 legi:
1942 1271 1957 1297 ‘
1973 1270 2247 1323 Remittite
2262 1277 2491 1320 mortuos
2512 1284 2658 1334 sepe·

1598 1347 1693 1396 lire
1717 1355 1948 1396 mortuos
1971 1346 2126 1395 suos!
2160 1347 2367 1410 Lipsius.

1664 1425 1813 1472 Cruda·
1835 1424 1987 1472 adhuc
2008 1422 2216 1485 servitii]
2284 1424 2414 1473 Cum
2440 1422 2660 1487 populus

1597 1501 1854 1550 Romanus
1876 1501 2199 1559 servitutem,
2215 1501 2275 1547 in
2310 1515 2463 1564 quam
2486 1500 2659 1563 paullo

1599 1584 1720 1627 ante
1758 1578 2003 1628 redactus
2041 1574 2234 1637 fuerat,
2265 1577 2491 1626 nondum
2529 1577 2661 1626 bene

1597 1656 1939 1718 conmisisset,
1960 1669 2127 1719 neque
2152 1654 2217 1703 ad
2252 1670 2364 1704 eam
2389 1653 2659 1704 occalluis-

1599 1739 1694 1782 set.
1733 1733 1972 1780 Muretus.

1661 1808 1829 1858 Senem
1880 1806 2167 1871 principem]

1597 1884 1836 1934 Muretus.

1663 1962 1835 2022 Longa
1851 1958 2089 2024 potentia]
2142 1960 2406 2011 Annorum
2429 1964 2510 2010 56.
2544 1960 2663 2010 Mu·

1594 2041 1740 2086 retus.

1663 2115 1796 2165 CAP.
1819 2119 1869 2164 9.
1919 2114 2167 2177 Plerisque
2201 2128 2323 2162 vana
2354 2111 2659 2177 mirantibus]

1596 2193 1793 2241 Merito
1823 2190 2150 2241 admirationi
2173 2197 2294 2239 suut
2316 2205 2397 2251 ea,
2417 2205 2532 2254 quae
2572 2197 2662 2241 ant

1596 2267 1734 2318 facta
1765 2283 1865 2317 non
1889 2274 2025 2330 sunt,
2048 2283 2166 2318 cum
2198 2282 2351 2317 causa
2375 2273 2531 2330 esset,
2566 2280 2663 2316 cur

1597 2346 1872 2395 verisimile
1895 2352 2036 2394 esset
2054 2344 2248 2394 factum
2273 2345 2365 2406 iri;
2409 2350 2500 2392 aut
2520 2342 2664 2395 facta

1598 2429 1736 2486 suut,
1757 2438 1873 2472 cum
1909 2437 2066 2472 causa
2089 2429 2243 2485 esset,
2276 2435 2369 2470 cur
2400 2419 2516 2468 fieri
2554 2434 2660 2471 non

1595 2508 1883 2564 oporteret.
1935 2500 2288 2563 Utrorumque
2312 2499 2448 2548 enim
2468 2504 2523 2548 et
2543 2513 2661 2549 cait-

1594 2592 1654 2625 sa
1693 2577 1864 2642 aliqua
1901 2584 2003 2637 est,
2028 2583 2083 2625 et
2126 2577 2409 2638 ignoratur.
2476 2577 2660 2626 Causae

1596 2659 1771 2702 autem
1806 2653 2059 2715 ignoratio
2085 2652 2471 2700 admirationem
2507 2651 2661 2715 parit.

1599 2727 1674 2778 At
1714 2730 1896 2793 vulgus
1939 2743 2004 2778 ea
2044 2743 2244 2792 quoque
2283 2727 2517 2790 miratur,
2538 2741 2660 2792 quo·

1599 2821 1709 2856 runi
1737 2821 1894 2856 causa
1934 2807 1986 2855 in
2031 2812 2277 2869 promptu
2310 2812 2405 2855 est.
2474 2805 2670 2872 Qualia,

1595 2890 1732 2948 sunt,
1767 2897 1882 2948 quae
1922 2883 2004 2932 hic
2042 2888 2411 2932 commemorat
2429 2881 2661 2940 {Tacitus-

1597 2961 1834 3010 Muretus.

1664 3039 1802 3093 Quod
1822 3040 1949 3088 idem
1968 3039 2089 3102 dies]
2155 3039 2272 3088 Erit
2305 3036 2542 3100 fortasse,
2570 3036 2659 3102 qui

2251 1782 2521 1857 Annorum
2575 1780 2656 1860 76.

1569 3116 1679 3166 ·hic
1725 3115 2007 3179 adhaereat,
2053 3115 2135 3165 cui
2192 3106 2511 3179 adjutor-inin.
2542 3128 2657 3177 ego.

1595 3183 1814 3256 Triplex
1837 3193 1971 3242 enim
1996 3193 2131 3242 ratio
2168 3192 2469 3242 numerandi
2500 3191 2660 3255 impe-

1593 3271 1658 3320 rii
1697 3270 1986 3333 Augustaei.
2055 3270 2179 3328 Alii,
2216 3270 2546 3334 plurimique,
2592 3268 2657 3320 ab

1593 3346 1815 3396 Actiaca
1853 3361 2026 3409 pugna
2063 3352 2352 3408 numerant,
2373 3361 2487 3394 cum
2512 3346 2650 3395 victo

1595 3425 1826 3474 Antonio
1843 3433 2024 3488 potens
2041 3424 2141 3473 fuit
2161 3427 2226 3474 im
2237 3426 2366 3487 perii
2383 3425 2538 3474 solus.
2571 3426 2652 3475 Ea

1592 3516 1769 3565 pugna
1813 3509 2045 3565 pugnata
2090 3515 2166 3550 tv.
2205 3502 2381 3551 Nonas
2412 3502 2649 3564 Septem-

1593 3577 1727 3627 bres.
1763 3576 1985 3629 Quidam
2009 3591 2040 3625 a
2057 3584 2206 3627 sexto
2228 3577 2340 3640 ejus
2360 3577 2652 3640 consulatu,

1591 3668 1707 3703 cum
1730 3654 1999 3718 imperium
2016 3653 2089 3702 illi
2109 3669 2140 3701 a
2155 3654 2348 3703 Senatu
2367 3653 2652 3714 firmatum,

1591 3729 1872 3794 datumque
1911 3744 2194 3792 cognomen
2230 3728 2473 3792 Augusti,
2506 3726 2651 3794 quasi

1588 3805 1630 3853 is
1671 3805 1889 3868 legitimi
1926 3805 2245 3875 principatus
2288 3807 2481 3867 primus
2517 3806 2649 3855 dies,

1587 3881 1652 3932 Id
1676 3880 1776 3929 fuit
1816 3896 1915 3931 vn.
1958 3882 2070 3930 idus
2105 3882 2318 3933 Jauuar.
2388 3882 2563 3947 Atque
2584 3897 2649 3933 ea

1587 3963 1722 4008 ratio
1746 3960 2048 4008 numerandi
2071 3960 2347 4022 provinciis
2372 3958 2482 4009 fere
2504 3958 2651 4009 fami-

1588 4035 1744 4084 liaris.
1812 4035 1896 4085 lta
1932 4036 1985 4083 in
2026 4035 2218 4097 lapide,
2243 4037 2331 4099 qui
2373 4036 2649 4086 Narbone:

1588 4126 1687 4161 vai.
1726 4123 1967 4163 QUOQUE.
2003 4124 2140 4161 mus,
2167 4125 2488 4161 unvanus.
2514 4124 2650 4165 Qus.

1588 4201 1699 4237 mn.
1722 4201 1966 4237 minum.
1984 4201 2291 4237 mesalum.
2308 4201 2490 4240 omns.
2511 4202 2646 4240 TER·

1588 4276 1805 4313 nanum.
1821 4275 2171 4315 Ausmcxrus.
2195 4277 2304 4315 mr.
2326 4276 2539 4315 THURE.
2562 4278 2647 4316 VI·

1589 4353 1683 4392 uo.
1725 4342 2083 4391 burensem.
2164 4331 2380 4391 Orosius
2415 4338 2646 4404 paullum
