3009 4942
426 351 625 421 3802.

429 513 588 566 etiam
609 513 748 563 inter
770 510 987 562 adversa
1006 512 1176 561 omina
1197 512 1381 561 Crasso
1404 511 1492 562 ob-

430 589 559 640 lata.
594 590 775 638 Florus
797 602 883 638 ιιι.
909 592 989 637 ll.
1028 588 1394 638 Freinshemius.

497 665 772 728 Desolatus]
805 667 958 714 Solus
997 666 1224 728 relictus,
1257 666 1494 728 μονωθεὶς,

433 750 493 795 ut
515 743 716 793 Glossae
741 751 960 792 veteres.
1011 742 1219 806 Lipsius.

499 819 632 868 CAP.
645 824 726 867 31.
760 819 820 868 Vi
839 834 925 867 suu
945 819 1205 882 tracturus]
1225 820 1395 870 Credo
1409 834 1495 870 ve·

434 911 543 947 rum
557 912 669 946 esse
687 901 929 958 tractaris,
944 913 1247 963 quamquam
1265 906 1322 949 et
1335 900 1499 948 altera

434 974 533 1024 ista
554 975 728 1037 lectio,
749 989 950 1024 sensum
986 988 1109 1023 sane
1134 989 1235 1023 non
1265 975 1498 1039 ineptum

433 1049 640 1099 habeat.
695 1049 798 1098 Sed
822 1049 1021 1098 indicat
1034 1049 1250 1098 Tacitus
1269 1050 1499 1114 legiones

436 1125 564 1174 istas
601 1126 732 1175 vires
771 1140 888 1174 suas
940 1125 1291 1186 intellexisse3
1343 1127 1500 1191 idque

437 1214 558 1249 mox
599 1207 784 1265 aperte
819 1199 1148 1265 profitentur,
1167 1217 1254 1250 sua
1282 1203 1335 1251 in
1360 1217 1502 1252 mauu

436 1278 580 1327 situm
602 1293 702 1326 rem
727 1279 1008 1338 Romanam,
1028 1280 1110 1338 ᾃο.
1151 1277 1338 1327 deinde
1370 1278 1501 1327 facit

441 1355 578 1418 quod
602 1354 780 1404 statim
819 1354 1030 1418 subjicit
1059 1354 1126 1403 de
1162 1356 1504 1419 exercitibus,

441 1429 588 1494 quasi
612 1438 911 1480 ostensurus
933 1445 1034 1479 nou
1056 1430 1309 1479 modicam
1343 1429 1503 1481 fuisse

441 1504 564 1571 vim,
601 1522 716 1571 quae
755 1506 811 1555 in
854 1506 984 1555 duos
1033 1507 1299 1555 exercitus
1345 1505 1506 1556 dividi

440 1589 672 1646 poterat.
719 1583 1089 1633 Freinshemius.

511 1661 707 1721 Agendo
741 1659 1012 1708 Galliarum
1052 1660 1235 1723 censui]
1285 1661 1508 1710 Censum

442 1736 686 1801 accipies,
719 1753 820 1787 non
846 1739 1012 1802 qualis
1046 1740 1244 1801 Romae,
1273 1744 1333 1789 ut
1370 1746 1509 1789 notae

444 1815 630 1864 saltem
683 1820 860 1864 essent
902 1815 1167 1864 Gallorum
1200 1813 1506 1866 facultates:

447 1891 541 1952 sed
566 1896 624 1940 ut
642 1905 708 1957 ex
729 1890 884 1939 modo
902 1906 1086 1940 census
1116 1891 1366 1941 tributum
1392 1905 1513 1956 pen·

449 1966 636 2019 derent
658 1973 714 2016 et
733 1967 977 2031 vectigal.
1012 1967 1167 2019 Quod
1187 1982 1304 2017 cum
1325 1969 1376 2017 in
1399 1969 1513 2018 aliis

447 2043 734 2107 provinciis
750 2044 1056 2092 servabatur
1070 2042 1232 2110 (apud
1248 2044 1283 2096 J
1288 2044 1514 2094 uriscou-

451 2119 614 2168 sultos
641 2119 797 2169 titulo
821 2125 933 2169 toto
967 2119 1034 2169 de
1065 2119 1309 2169 censibus
1329 2118 1369 2184 t)
1403 2127 1516 2170 tum

450 2194 505 2243 in
546 2194 718 2244 Gallia
749 2196 1088 2260 potissimum,
1123 2194 1376 2246 ditissima
1398 2212 1516 2261 pro·

452 2269 757 2328 vinciariim.
825 2270 979 2323 Adde
1019 2271 1090 2322 sis
1125 2277 1306 2323 nostra
1338 2273 1391 2322 in
1412 2274 1517 2324 Ex-

444 2360 592 2412 puts.
611 2349 683 2400 K.
723 2348 949 2412 Lipsius.

492 2423 719 2486 ‘Agenda
755 2424 1026 2474 Galliarum
1062 2426 1243 2491 censui]
1282 2427 1415 2479 Quae
1438 2440 1517 2477 re-

453 2500 633 2566 giones
646 2502 736 2566 jus
758 2501 986 2552 civitatis
1019 2501 1270 2552 Romame
1300 2517 1404 2552 uon
1431 2503 1519 2553 ha-

454 2577 671 2643 bebant,
723 2578 1046 2642 gravioribus
1107 2578 1320 2628 tributis
1353 2580 1523 2628 'vexa-

456 2652 664 2703 bantur.
723 2655 965 2704 Censuali
987 2654 1123 2704 enim
1145 2655 1263 2718 lege
1285 2653 1523 2718 profiteri

457 2730 797 2795 cogebantur,
849 2738 976 2796 quot
1027 2731 1205 2796 capita
1244 2736 1421 2780 essent
1469 2731 1524 2780 in

457 2806 690 2872 qualibet
723 2805 935 2871 familia,
965 2815 1093 2872 quot
1117 2808 1311 2873 jugera
1344 2814 1525 2870 terrae,

459 2887 588 2946 quot
609 2897 787 2932 servos
809 2883 922 2946 quis
950 2884 1183 2936 liaberet.
1247 2884 1352 2934 Sed
1381 2890 1438 2933 et
1459 2885 1526 2934 de

456 2957 674 3008 lacubus
709 2959 998 3023 piscatoriis
1035 2975 1220 3026 census
1253 2961 1527 3012 solvendus

461 3041 596 3100 erat,
647 3037 875 3101 Ulpiano
943 3038 1214 3102 Pauloque
1257 3039 1528 3102 jurecons.

463 3112 706 3164 testibus.
742 3114 815 3162 Ut
836 3114 919 3163 bic
938 3114 1248 3177 simpliciter
1267 3115 1528 3179 accipien-

463 3188 561 3239 dus
597 3204 701 3241 non
735 3190 806 3239 sit
835 3204 1014 3252 census,
1034 3204 1152 3239 cum
1186 3204 1426 3240 numerus
1455 3193 1528 3242 ci·

466 3266 607 3315 vium
645 3263 899 3328 defertur,
935 3266 1072 3316 unde
1108 3267 1318 3330 agnosci
1349 3269 1529 3333 possit,

465 3341 558 3407 qui
603 3341 804 3392 militiae
865 3342 1074 3391 nomina
1117 3343 1242 3392 dare
1287 3343 1530 3399 debeant.

465 3417 609 3468 Hinc
629 3418 801 3468 censiti
821 3423 878 3468 et
898 3417 1152 3468 censitores
1172 3418 1321 3468 dicti.
1372 3422 1535 3471 Aleia-

466 3499 565 3544 tue.

534 3569 614 3618 Ab
655 3570 1099 3634 undevicesimanis]
1144 3572 1211 3621 Iu
1257 3573 1537 3626 Germania

470 3645 720 3711 inferiori,
753 3649 850 3698 hac
885 3656 1043 3699 aetate
1073 3651 1266 3715 ubique
1300 3665 1423 3705 xxt.
1462 3655 1536 3703 le-

470 3730 678 3796 gionem
695 3731 918 3795 reperio,
930 3743 1035 3779 non
1055 3728 1307 3780 decimam
1330 3745 1533 3782 nonam.

470 3807 662 3874 ltaque
684 3807 766 3857 hic
792 3813 849 3857 et
880 3807 1091 3870 saepius,
1125 3819 1338 3871 repone,
1363 3809 1538 3858 Unuet-

471 3887 784 3938 vicesimanis.
817 3886 950 3938 Qum
966 3899 1068 3934 vox
1092 3886 1337 3934 remotior
1355 3885 1420 3935 ab
1442 3876 1538 3937 usu

474 3963 654 4027 hodie,
699 3962 946 4028 imposuit
998 3961 1309 4026 scriptorum
1365 3963 1540 4026 vulgo.

483 4037 606 4102 Adi,
625 4040 671 4088 si
692 4039 884 4104 placet,
905 4037 970 4088 ad
997 4039 1032 4088 l.
1050 4052 1091 4088 1.
1126 4038 1332 4089 Hister.
1355 4039 1540 4089 Notas.

479 4116 691 4181 Lipsius·

551 4193 674 4254 Orto
709 4193 770 4243 ab
798 4192 1227 4257 unetvicesimanis]
1259 4191 1406 4243 Libri
1437 4205 1542 4240 om-

483 4285 579 4337 nes
616 4270 766 4338 editi,
797 4269 1251 4324 undeuicesimoenis.-
1297 4268 1545 4323 Animad-

1126 367 1347 417 No'rAE
1394 365 1801 417 vAmoRtJu
1852 365 1934 417 ΙΝ

1570 513 1730 563 vertit
1772 512 1979 576 Lipsius
2015 509 2256 562 mendum
2308 523 2376 560 ex
2416 506 2647 560 historla'

1572 589 1699 652 ipsa.
1746 589 1846 639 Ms.
1883 588 1988 650 hic,
2026 594 2082 637 et
2120 586 2412 650 ubicunque
2447 585 2635 636 dehac

1571 665 1776 729 legione
1812 664 1874 715 fit
1904 666 2115 725 mentio,
2135 665 2514 713 unetvicesimanis
2540 677 2637 726 ap-
2686 690 2704 702 -·

1574 743 1752 805 pellat,
1775 741 1912 805 qnod
1936 755 2032 805 ego
2054 740 2231 789 itidem
2255 753 2463 803 semper
2485 753 2641 802 repo-

1573 819 1669 868 sui.
1736 819 1839 868 Hic
1871 813 2048 880 igitur,
2082 831 2148 865 ne
2180 815 2369 879 saepius
2393 821 2650 878 repetens-

1576 896 1697 945 dum
1742 895 1830 959 sit,
1866 895 2193 945 admonuisse
2235 889 2476 940 sufficiat.
2551 889 2641 938 Pi·

1574 973 1736 1023 chenu.

1648 1051 1906 1100 Vernaculu
1922 1046 2195 1109 mullitudo]
2216 1046 2644 1108 Interpretautur

1578 1127 1643 1176 de
1686 1127 1909 1185 libertis,
1931 1140 2059 1188 quos
2098 1122 2367 1186 Augustus
2398 1121 2464 1169 ad
2506 1125 2650 1169 tute-

1577 1205 1679 1252 lam
1715 1203 1886 1252 Rheni
1907 1202 2065 1264 misit,
2084 1200 2220 1263 apud
2256 1199 2464 1248 Sueton.
2487 1199 2644 1245 esw-

1577 1294 1679 1330 non
1736 1281 1889 1341 male,
1931 1279 2056 1342 quia
2107 1283 2285 1325 tamen
2338 1289 2405 1322 ex
2457 1260 2650 1322 Dionis

1578 1357 1669 1406 lib.
1698 1369 1805 1405 Lvr.
1842 1358 2064 1415 constat,
2102 1365 2166 1402 eo
2200 1352 2408 1400 delectu
2447 1363 2551 1398 non
2582 1347 2648 1396 u·

1581 1432 1815 1482 bertinos
1852 1439 2073 1492 tantum,
2128 1429 2222 1479 sed
2264 1429 2395 1477 alius
2439 1437 2650 1491 quoqne-

1583 1510 1786 1574 geueris
1824 1508 2072 1557 urbanam
2107 1506 2311 1568 plebem
2349 1518 2461 1553 esse
2497 1514 2651 1552 coae-

1584 1594 1723 1649 tam3
1757 1595 1916 1650 atque
1953 1599 2053 1634 vox
2086 1584 2353 1644 uernacula,
2385 1589 2651 1646 tamquam

1583 1679 1787 1714 omnem
1804 1677 1918 1712 eam
1943 1661 2323 1711 multitudinem
2346 1659 2496 1707 simul
2514 1671 2656 1707 com-

1585 1746 1840 1808 plectens,
1876 1742 1942 1793 ab
1984 1748 2193 1790 auctore
2231 1738 2473 1788 consulto
2504 1733 2654 1785 adhi-
2737 1728 2753 1750 ⁸

1583 1821 1697 1871 bita
1718 1820 1922 1870 videtur
1944 1818 2054 1882 (cui
2070 1832 2172 1867 non
2188 1817 2369 1865 deerat
2385 1811 2652 1878 proprium

1587 1896 1911 1958 vocabulum,
1934 1895 1977 1943 si
2009 1895 2144 1944 solos
2168 1891 2441 1942 libertinos
2461 1889 2548 1938 hic
2572 1886 2655 1936 in-

1589 1975 1755 2038 telligi
1798 1971 2065 2036 voluisset)
2116 1971 2269 2020 latius
2310 1962 2655 2030 interpretari
2742 2030 2748 2037 ι

1588 2051 1749 2101 visum
1775 2055 1875 2101 est.
1931 2047 2295 2099 Freinshemius.

1656 2127 1857 2190 Implere
1872 2130 2131 2174 ceterorum
2152 2125 2291 2172 rudes
2308 2119 2510 2182 animos]
2532 2118 2657 2169 Non

1589 2201 1809 2253 damno:
1858 2201 2148 2251 sermonibus
2186 2199 2407 2262 scilicet,
2447 2195 2541 2262 qui
2575 2206 2658 2245 se·
2724 2238 2729 2243 .

1595 2285 1839 2345 quuntur.
1895 2278 2063 2327 Valde
2082 2284 2254 2327 tamen
2276 2273 2661 2326 verisimile‘est

1592 2357 1830 2419 impellere
1863 2355 2025 2404 etiam
2066 2354 2151 2403 bic
2190 2352 2441 2416 scriptum
2478 2347 2660 2410 fuisse,

1595 2438 1657 2482 ut
1712 2431 1947 2496 superius
1970 2448 1984 2480 ε
2038 2435 2053 2460 ⁶
2078 2430 2349 2495 impellere
2411 2424 2661 2492 paulatim

1596 2509 1861 2559 nocturnis
1883 2507 2194 2572 colloquiis.’
2261 2504 2493 2554 Maxime
2521 2500 2663 2567 quod

1598 2586 1671 2636 ibi
1706 2587 1779 2636 sic
1820 2584 2051 2635 additum
2089 2583 2336 2647 imperitos
2367 2581 2567 2642 animos,
2602 2582 2666 2628 ut
2696 2608 2701 2613 -

1597 2662 1685 2712 hic
1703 2663 1842 2712 rudes
1857 2661 2054 2711 animos.
2120 2660 2192 2709 Et
2216 2660 2251 2707 1.
2275 2671 2353 2707 vr.
2386 2657 2401 2682 ‘
2426 2656 2547 2707 Qua
2580 2667 2679 2702 m·-

1602 2740 1694 2789 des
1725 2739 1937 2800 animos,
1977 2737 2182 2786 nomine
2213 2732 2444 2795 honoris,
2464 2730 2530 2781 ad
2550 2742 2667 2780 cor·

1601 2814 1941 2879 rumpendum
1962 2813 2163 2863 militiae
2188 2824 2385 2861 morem
2407 2808 2673 2874 propelle·-

1602 2891 1719 2944 ret?
1751 2891 2014 2940 Acidulius.
2276 2906 2283 2913 ·
2657 2918 2662 2927 .

1669 2970 1731 3018 Iu
1750 2983 1887 3018 mm
1924 2969 2278 3029 cognomentum
2308 2961 2476 3012 muci
2509 2961 2669 3025 Inpe-

1600 3044 1805 3107 ratores]
1838 3041 2224 3093 Eruditissimus
2240 3041 2319 3089 vir
2338 3039 2671 3104 imper-aives,

1604 3123 1751 3188 quasi
1772 3136 1834 3172 eo
1857 3119 2065 3169 nomine
2102 3115 2425 3167 cohonestati
2446 3115 2500 3163 in
2520 3127 2671 3177 spem

1598 3197 1797 3248 futurae
1843 3193 2179 3246 successionis
2220 3196 2567 3250 vocarentur3
2610 3194 2689 3239 nt’

1606 3275 1747 3340 apud
1778 3273 1959 3325 Gallos
1994 3270 2305 3334 Delphinus.
2380 3266 2675 3332 Dissentio,

1607 3354 1792 3416 aioque
1866 3347 2168 3399 Germanici
2226 3349 2518 3409 cognomen
2572 3358 2680 3393 nec

1608 3431 1815 3493 vigente
1837 3428 2103 3477 Caesarum
2124 3424 2295 3482 domo,
2318 3436 2675 3473 successorem

1608 3507 1939 3571 designasse:
1973 3504 2117 3566 (nam
2147 3503 2192 3551 si
2227 3514 2377 3550 secus
2403 3506 2567 3557 esset,
2588 3499 2681 3547 Se-

1608 3590 1760 3635 natus
1774 3597 1840 3631 ex
1856 3580 2069 3630 libidine
2086 3591 2419 3628 successuros
2434 3574 2680 3639 Auguste

1609 3658 1940 3725 praefinisset.
2012 3656 2317 3706 Suetoniusz
2376 3657 2393 3683 ‘
2418 3660 2680 3717 preterea

1607 3744 1817 3788 senatus
1851 3736 1985 3783 iuter
2020 3733 2121 3781 alia
2147 3731 2438 3795 complura,
2455 3741 2682 3777 marmo-

1611 3828 1759 3864 reum
1796 3826 1971 3862 arcum
2003 3824 2118 3859 cum
2157 3807 2478 3871 tropaeis-via
2499 3804 2689 3868 Appia-

1613 3889 1867 3949 decrevit‚
1883 3892 1938 3936 et
1952 3885 2249 3937 Germanici
2270 3897 2561 3947 cognomen
2578 3881 2682 3946 ipsi

1614 3966 1937 4030 posterisque
1970 3962 2110 4012 suis!
2158 3961 2295 4009 Diu:
2328 3957 2685 4023 Γερμανυοόςπ

1615 4042 1737 4103 μετὰ
1751 4044 1847 4089 τῶν
1866 4038 2042 4088 παίδων
2064 4035 2389 4096 ἐπονομασθεὶς
2395 4071 2410 4097 ,
2424 4035 2504 4084 καὶ
2523 4035 2684 4098 τιμὰς,

1615 4118 1695 4168 καὶ
1728 4115 1930 4174 εἰκόνων,
1968 4113 2047 4162 καὶ
2086 4112 2263 4174 ἁψῖδος,
2305 4111 2589 4174 »cerm-uolua
2622 4128 2685 4160 τε

1616 4194 1730 4259 πρὸς
1749 4194 1874 4253 αὐτῷ’
1888 4194 1956 4251 τῷ
1970 4189 2112 4250 Ῥήνῳ
2126 4187 2332 4252 λαβὼν)
2349 4201 2521 4252 neque
2539 4188 2687 4240 Julia

1618 4270 1786 4334 stirpe
1803 4267 1988 4318 finita:
2020 4279 2141 4318 nam
2164 4264 2403 4316 Caesa'res
2437 4262 2696 4323 diceban-
