3009 4942
501 361 676 461 asos

503 519 745 585 intelligi.
795 517 1161 570 Freinshemius.

569 601 704 650 Cu.
724 602 810 649 68.
865 596 1025 646 Dario
1063 610 1176 659 rege
1211 595 1311 659 uti]
1362 594 1569 659 Scribo,

503 674 615 727 niti.
678 672 903 738 Lipsius.

569 752 736 815 Neque
788 750 944 798 nunus
994 748 1214 798 Milesios
1253 747 1411 798 Dario
1457 761 1573 811 rege

500 827 621 890 niti]
652 826 905 891 Verbum,
935 824 1049 888 niti,
1087 823 1315 889 reposui,
1354 829 1570 875 auctore

500 904 679 969 Lipsio
717 904 873 967 longe
912 901 1103 966 aptius,
1137 913 1308 964 quam,
1337 900 1429 949 uti.
1478 900 1570 948 Pi·

502 981 683 1032 chena.
748 980 890 1042 Lips.
911 979 1023 1040 uiti,
1058 983 1115 1027 et
1142 978 1398 1026 Muretus.
1460 975 1569 1025 Sed

499 1063 558 1109 et
599 1055 864 1120 distingue
902 1054 1138 1120 amplius,
1182 1052 1416 1117 Propior-a
1452 1052 1568 1103 Sar-

498 1132 665 1182 dianos
677 1147 696 1190 ,-
742 1131 1009 1180 Alexandri
1046 1130 1240 1180 victoris
1277 1129 1331 1179 id
1367 1132 1569 1180 danaum

496 1223 643 1274 ueque
668 1206 824 1257 minus
845 1208 1059 1257 Milesios
1073 1227 1089 1260 ε
1121 1207 1277 1256 Dario
1310 1221 1421 1268 rege
1454 1208 1566 1258 niti.

499 1287 688 1351 Neque
705 1285 872 1335 miuus
895 1285 1183 1350 propinqua
1204 1283 1311 1332 sive
1335 1284 1568 1334 recentia

497 1362 734 1415 Milesios
758 1360 972 1426 referre,
997 1363 1083 1411 vel
1116 1359 1241 1426 quid
1273 1360 1376 1411 tale
1397 1360 1569 1411 subin-

496 1438 853 1503 telligendum.
920 1437 1189 1488 Acidalius.

558 1520 735 1570 Modus
777 1524 935 1569 tamen
970 1515 1392 1582 praeseribebatur]
1442 1517 1563 1568 Non

495 1595 635 1657 satis⁴
665 1595 989 1646 considerate
1027 1608 1150 1658 ergo
1192 1594 1424 1659 elapsum
1463 1594 1563 1645 hoc

494 1671 797 1737 Tranquillo
814 1687 830 1720 ι
860 1671 877 1700 ‘
897 1671 1142 1725 Abolevit
1164 1677 1221 1721 et
1232 1671 1321 1734 jus
1342 1685 1562 1720 morem-

494 1764 596 1814 que
637 1749 911 1813 asylorum‚
954 1763 1072 1814 quae
1109 1762 1328 1813 usquam
1373 1747 1560 1799 erant!

494 1824 783 1875 Dumtaxat
817 1826 1117 1875 moderatus
1158 1830 1255 1889 est,
1284 1830 1340 1874 et
1361 1829 1563 1889 tempe·

494 1902 648 1952 ravit.
713 1903 927 1967 Lipsius.

559 1980 739 2031 Facem
777 1979 909 2043 aras]
975 1979 1187 2030 Curtius
1232 1979 1465 2029 Pichena
1505 1978 1563 2029 iu

491 2055 689 2120 scripto
725 2071 839 2106 esse
863 2056 957 2116 ait,
976 2057 1103 2122 fiere
1122 2071 1253 2106 aera:
1285 2062 1442 2121 atque
1483 2056 1561 2105 ita

452 2136 456 2141 ’
474 2131 657 2196 figere,
681 2132 1028 2196 pulcherrime
1052 2132 1313 2183 emendat.
1376 2132 1561 2182 Voluit

491 2222 679 2272 nempe
700 2207 922 2258 Senatus
956 2209 1008 2258 iu
1035 2224 1141 2258 aere
1174 2208 1339 2273 sculpi
1362 2214 1417 2258 et
1439 2223 1560 2272 pro·

490 2285 615 2348 poni
635 2285 745 2335 haec
770 2285 1004 2350 decreta,
1026 2294 1083 2336 et
1105 2286 1198 2335 has
1222 2300 1342 2337 suas
1360 2284 1560 2336 modifi-

489 2360 739 2412 cationes,
805 2362 1019 2425 Lipsius.
1329 2418 1340 2425 1

552 2438 776 2502 Jussique
803 2439 921 2503 ipsis
950 2441 1003 2489 iu
1033 2441 1224 2505 templis
1246 2440 1409 2507 figere
1440 2456 1558 2505 cera,

483 2512 760 2565 morandum
776 2518 839 2564 ad
856 2517 1149 2580 memoriam]
1185 2517 1430 2582 Turpiter
1447 2532 1560 2568 cor-

488 2597 672 2653 ruptus
695 2589 867 2641 fuerat
889 2593 971 2642 hic
993 2594 1137 2644 locus
1156 2611 1169 2644 ε
1190 2595 1405 2658 jussique
1441 2594 1558 2658 ipsis

484 2666 539 2715 in
560 2669 748 2730 templis
771 2667 937 2727 facere
958 2685 1085 2732 aras.
1156 2670 1343 2734 Neque
1366 2684 1463 2734 ego
1491 2671 1559 2720 de

486 2741 674 2791 mendo
716 2745 1008 2806 suspicatus
1056 2744 1287 2807 fuissem,
1341 2746 1439 2795 nisi
1476 2761 1557 2797 me

486 2819 883 2884 Manuscriptus
908 2821 1277 2885 admonuisset,
1294 2822 1348 2870 in
1370 2837 1469 2887 quo
1484 2824 1558 2873 le·

491 2896 656 2961 gitur,
682 2897 809 2962 fiere
847 2908 992 2948 aera:
1047 2898 1183 2955 unde
1236 2897 1403 2949 facilis
1458 2896 1561 2950 fuit

488 2972 802 3037 emendatio,
823 2974 984 3040 figere
1004 2991 1124 3039 cera,
1148 2984 1252 3025 una
1290 2982 1463 3025 tamen
1500 2976 1559 3028 li.

373 3055 385 3064 “
486 3053 604 3098 tera
627 3049 854 3114 adjecta.
888 3052 1146 3115 Intelligit
1163 3052 1300 3101 enim
1321 3052 1387 3102 de
1406 3052 1558 3102 aereis

486 3124 677 3175 tabulis
717 3127 783 3176 ad
830 3128 1058 3192 parietes
1101 3129 1409 3192 templorum
1449 3127 1558 3178 affi-

484 3204 687 3270 gendis,
709 3207 773 3257 ad
812 3207 1116 3257 sacrandam
1146 3208 1446 3257 memoriam
1466 3209 1557 3257 Se-

486 3283 866 3332 natusconsulti
893 3297 955 3333 eo
979 3284 1063 3331 die
1093 3298 1251 3348 super
1275 3276 1426 3348 asylis
1447 3281 1556 3334 fac·-

485 3358 547 3409 ti.
626 3359 713 3409 Sic
758 3360 795 3411 l.
834 3373 915 3411 11.
960 3360 977 3387 ‘
999 3358 1341 3424 Aspiciuntur
1397 3362 1555 3412 etiam

483 3449 621 3485 nunc
655 3436 710 3485 in
750 3451 853 3485 oere
895 3436 1222 3501 publicandis
1263 3438 1554 3502 plebiscitis

484 3526 579 3575 per
601 3511 717 3562 fora
738 3527 799 3562 ac
822 3515 1017 3577 templa
1037 3514 1182 3565 fixo.'
1246 3515 1391 3565 Hist.
1414 3516 1452 3566 1.
1476 3530 1552 3566 nr.

482 3592 498 3618 ‘
525 3588 715 3654 quique
738 3605 843 3639 aera
866 3591 1037 3654 legum
1052 3597 1313 3642 vetustate
1336 3592 1554 3657 delapsa

479 3673 755 3716 noscerent
776 3667 1148 3732 ligeremque!
1211 3662 1399 3732 Virgil.
1433 3668 1550 3718 AEn.

483 3755 564 3792 vr.
596 3742 613 3771 ‘
635 3741 751 3792 fixit
772 3745 916 3807 leges
939 3745 1109 3807 pretio
1131 3754 1291 3810 atque
1323 3745 1498 3797 refixit
1515 3746 1548 3797 τ’

479 3822 495 3849 ‘
521 3820 677 3885 quia‚’
716 3827 778 3871 ut
798 3821 872 3870 ibi
896 3822 1104 3872 Servius
1130 3823 1221 3884 ait,
1253 3824 1270 3850 ‘
1295 3823 1469 3872 incisae
1493 3824 1549 3873 in

483 3897 633 3947 aereis
653 3898 844 3948 tabulis
863 3897 1207 3964 affigebantur
1225 3899 1548 3964 parietibus!

481 3971 631 4023 Idem
672 3975 880 4026 Tacitus
935 3976 1091 4038 paulo
1137 3990 1326 4039 supra:
1384 3976 1400 4003 ‘
1427 3991 1547 4035 cum

482 4042 596 4112 ejus
633 4048 738 4098 diei
778 4050 1241 4102 Senatusconsulta
1276 4052 1445 4102 aureis
1487 4053 1548 4102 li·

482 4124 610 4173 teris
626 4123 835 4189 figenda
856 4127 907 4179 in
929 4129 1070 4179 curia
1092 4128 1414 4179 censuisset:
1455 4128 1546 4178 Pi-

544 4236 679 4331 CAi».
701 4284 782 4335 64.
820 4282 1022 4334 Theatra
1060 4284 1304 4350 Marcelli,
1341 4282 1544 4351 effigiem

1203 375 1421 427 1101·AE
1469 374 1872 426 vAmole
1927 375 2010 424 IN

1644 518 1754 569 divo
1774 516 2014 582 Augusto]
2047 516 2293 569 Persuasi
2329 522 2390 567 ut
2428 515 2505 569 ita
2533 515 2715 569 distin-

1646 601 1896 659 gueretur
1934 596 1989 645 iu
2025 593 2122 645 hac
2163 593 2427 644 editione:
2478 607 2595 643 cum
2633 593 2716 643 vir

1644 671 1972 724 ,doctissimus
2009 671 2087 722 ita
2124 672 2328 736 legeret
2362 669 2584 721 Marcelli
2618 671 2719 737 effi-

1641 747 1791 811 giem,
1826 753 1985 812 atque
2026 747 2149 797 inde
2193 761 2388 797 morem
2432 745 2717 797 dedicandi

1647 822 1761 872 Diis
1782 830 1982 876 statuas
2015 830 2226 875 notaret
2247 840 2261 873 ε
2296 824 2389 873 sed
2410 838 2595 873 revera
2613 823 2716 872 hoc

1645 901 1907 966 negotium
1932 903 2007 952 ita
2024 917 2081 952 se
2101 900 2282 964 habet,
2315 905 2376 950 ut
2398 899 2549 951 Livia
2565 908 2718 965 posu,-

1644 977 1764 1041 erit,
1787 981 1888 1028 ὅτε.
1912 978 1942 1007 “
2007 977 2370 1028 Freinshemius.

1709 1053 1924 1118 Ludique
1946 1052 2146 1117 Magni]
2175 1052 2266 1102 Kal
2287 1051 2409 1112 αὕτη
2438 1049 2528 1113 μὲν
2556 1050 2721 1120 (scili-

1645 1135 1733 1179 cet
1762 1129 1794 1189 ἦ
1832 1128 2089 1194 πανῆγνρις
2117 1128 2149 1189 ἦ
2180 1128 2257 1178 ἐπὶ
2289 1131 2354 1195 τῇ
2382 1127 2485 1195 νίκη
2511 1130 2574 1195 τῇ
2602 1128 2720 1194 πρὸς

1642 1209 1710 1270 τῷ
1728 1205 1922 1274 Ἀκτίῳ)
1952 1206 2029 1256 διὰ
2060 1204 2205 1256 πέντε
2235 1205 2309 1256 ἀεὶ
2346 1206 2465 1255 ἑτῶν
2496 1204 2638 1270 μεχρὶ
2658 1200 2718 1255 οὗ

1643 1282 1880 1347 ἐγίγνετο,
1927 1285 2034 1334 ταῖς
2063 1281 2320 1348 τέσσαρσιν
2363 1280 2618 1347 ἱεροσύναις
2660 1283 2718 1332 ἐκ

1641 1363 1920 1427 περιτροπῆς
1941 1359 2205 1422 amoma·
2238 1357 2370 1422 λέγω
2391 1358 2443 1410 δὲ
2464 1357 2584 1409 τοὺς
2602 1376 2716 1409 πον·

1640 1439 1846 1505 τίφικας,
1865 1439 1944 1491 καὶ
1962 1438 2073 1490 τοὺς
2093 1438 2353 1501 alermus,
2375 1434 2486 1488 τούς
2508 1455 2565 1488 τε
2589 1433 2718 1488 ἔπνει

1644 1516 1723 1567 καὶ
1760 1515 1872 1568 τοὺς
1908 1515 2244 1568 πεντεκαίδεκα
2277 1515 2446 1580 ἄνδρας
2485 1511 2719 1576 καλουμέ·

1640 1611 1763 1644 νους.
1796 1594 1945 1644 Idem
1965 1596 2001 1646 1.
2021 1609 2180 1645 tvm.
2194 1594 2261 1644 de
2280 1593 2340 1642 iis
2360 1607 2476 1657 quae
2494 1591 2717 1642 decreta

1641 1677 1762 1735 post
1782 1677 2000 1721 mortem
2034 1671 2242 1735 Sejauiz
2306 1667 2625 1733 Ἕψηφίσαντο
2662 1666 2720 1719 δὲ

1640 1748 1806 1812 ἑορτὴν
1837 1746 1914 1797 διά
1947 1766 2004 1797 τε
2033 1750 2130 1797 τῶν
2149 1746 2390 1812 ἀρχόντων
2410 1745 2488 1796 καὶ
2517 1745 2593 1796 διὰ
2619 1747 2718 1797 τῶν

1637 1823 1794 1889 ἱερέων
1827 1823 2049 1874 ἁπάντων
2081 1824 2133 1890 (ὃ
2164 1823 2231 1886 μὴ
2262 1823 2452 1874 πώποτε
2472 1820 2719 1887 ἐγεγόνει)

1637 1900 1858 1965 ἆχθῆναι,
1879 1900 1958 1951 καὶ
1977 1900 2068 1960 τὴν
2087 1899 2262 1965 ἡμέραν
2284 1900 2334 1949 ἐν
2354 1897 2386 1965 ᾖ
2408 1897 2719 1962 ἐτελεύτησε,

1636 1978 1715 2029 καὶ
1732 1978 1886 2029 ἵππων
1907 1979 2060 2041 ἀγῶσι
2080 1978 2162 2028 καὶ
2183 1977 2354 2044 θηρίων
2373 1980 2584 2042 σφαγαῖς
2605 1977 2716 2038 ἐτη-

1635 2054 1769 2119 σίοις,
1792 2053 1866 2104 διά
1886 2073 1943 2104 τε
1963 2057 2060 2105 τῶν
2089 2055 2138 2106 ἐς
2157 2054 2244 2105 τὰς
2263 2053 2498 2119 τέσσαρας
2522 2053 2714 2120 ἱερωσύ-

1634 2151 1717 2183 νας
1735 2131 2020 2197 τελούντων,
2031 2132 2116 2182 καὶ
2131 2130 2207 2182 διὰ
2220 2134 2315 2182 τῶν
2325 2133 2412 2181 τοῦ
2426 2129 2717 2194 Αὔγοῦστοῠ

1634 2213 1872 2261 θιασωτῶν
1904 2201 2252 2275 ἆγγέλλεσθαι,
2286 2209 2315 2258 ὃ
2346 2207 2574 2260 οὐδέποτε
2602 2208 2715 2259 ἐπε·

1631 2289 1817 2350 nimo.
1886 2290 2086 2342 Quibus
2107 2288 2280 2339 verbis
2301 2287 2607 2352 interpretis
2633 2302 2715 2338 er»

1634 2380 1804 2416 rorem
1830 2380 1944 2415 esse
1969 2365 2108 2415 scio:
2147 2365 2237 2429 qui
2275 2365 2457 2426 vertit,
2488 2379 2576 2428 per
2598 2378 2712 2428 qua·

1631 2447 1741 2492 tuor
1755 2443 1951 2505 collegia
1968 2442 2271 2508 Pontificum.
2293 2441 2569 2505 Imperite‚
2587 2455 2709 2491 cum

1634 2518 1917 2583 debuisset,
1980 2521 2290 2569 sacerdotum.
2385 2517 2710 2568 Pontificum

1632 2610 1755 2647 sane
1775 2596 2055 2661 collegium
2074 2604 2233 2646 unum
2257 2600 2358 2646 est.
2400 2592 2559 2647 Quod
2579 2594 2713 2646 dicit

1633 2678 1807 2722 autem
1845 2672 1946 2723 Dio
1990 2688 2092 2723 non
2137 2678 2293 2723 antea
2338 2673 2710 2737 pronuntiatos

1631 2749 1780 2800 ludos
1797 2755 2107 2816 curatosque
2124 2764 2218 2812 per
2229 2758 2454 2815 quatuor
2469 2749 2709 2814 collegia,
2756 2780 2760 2783 »

1637 2831 1693 2877 et
1724 2824 2076 2889 Augustalesz
2108 2826 2164 2876 id
2196 2827 2241 2875 si
2264 2825 2445 2888 sensit,
2468 2832 2637 2891 errat,
2652 2831 2710 2875 et

1635 2902 1831 2953 refellit
1850 2904 2106 2953 hominem
2131 2903 2270 2953 clare
2296 2903 2400 2966 hic,
2420 2901 2509 2967 qui
2532 2901 2585 2951 iu
2606 2914 2713 2954 mn.

1632 2996 1719 3045 nu,
1750 2981 1927 3031 Taciti
1961 2982 2124 3031 locus.
2192 2980 2437 3031 Ceterum
2461 2977 2530 3027 ad
2553 2991 2709 3027 cura-

1630 3056 1842 3122 tionem,
1861 3061 1961 3109 ὅτε.
1987 3057 2017 3087 ⁴*
2080 3056 2296 3121 Lipsius.

1700 3136 1839 3186 CAP.
1881 3139 1964 3186 65.
2021 3135 2267 3184 Clau-itudo
2318 3147 2406 3183 sua
2448 3131 2707 3196 obsequiis]

1631 3207 1909 3261 Sciendum
1966 3211 2089 3259 nihil
2141 3211 2230 3260 hic
2285 3210 2508 3274 intelligi
2560 3210 2702 3260 aliud

1634 3300 1786 3353 quam
1808 3288 1947 3352 ipsos
1962 3285 2191 3335 homines
2205 3286 2373 3335 claros
2394 3285 2464 3335 ob
2481 3285 2702 3349 maiores

1631 3364 1875 3414 videlicet
1898 3379 2033 3426 suos,
2065 3370 2154 3413 aut
2191 3364 2414 3413 honores
2450 3363 2703 3427 ipsorum.

1637 3441 1890 3505 Obsequia,
1906 3441 2151 3491 libentius
2171 3456 2288 3491 cum
2307 3440 2472 3492 Gallis
2485 3439 2700 3489 reddam

1631 3518 2018 3581 complaisauees5
2047 3532 2197 3582 quam
2217 3531 2333 3566 cum
2354 3516 2509 3579 Hisp.
2524 3515 2700 3565 servir:

1630 3608 1750 3643 nam
1793 3593 2001 3658 obsequii
2059 3607 2159 3643 vox
2214 3594 2475 3657 aliquanto
2528 3588 2701 3646 mitior

1630 3676 1752 3731 est;
1787 3676 1844 3720 et
1875 3669 2068 3720 mitiori
2102 3684 2230 3720 voce
2254 3670 2418 3719 voluit
2440 3668 2516 3719 uti
2552 3666 2701 3718 Taci-

1629 3751 1730 3810 tus,
1749 3747 1801 3794 in
1821 3761 1896 3808 re,
1914 3745 2003 3795 ubi
2016 3747 2176 3810 magis
2198 3759 2446 3795 excusare
2465 3743 2696 3793 instituit

1627 3821 1896 3886 primores,
1917 3837 2070 3887 quam
2091 3837 2328 3885 arguere.
2395 3822 2630 3890 Eoedaque
2650 3824 2696 3869 et

1624 3897 1795 3960 nimia,
1829 3897 1896 3947 de
1940 3897 2237 3947 adulatione
2274 3897 2550 3947 incruenta
2591 3906 2693 3945 ser·

1625 3988 1825 4022 monem
1862 3974 1948 4023 hic
1989 3988 2124 4036 esse,
2156 3988 2313 4039 quum
2353 3979 2548 4037 cetera,
2587 3979 2692 4023 tum

1624 4050 1875 4116 imprimis
1924 4049 2130 4101 initium
2185 4050 2447 4115 sequentis
2499 4049 2686 4115 capitis

1623 4127 1936 4192 adprobant.
2002 4127 2371 4178 Freinshemius.

1687 4205 1824 4256 cn.
1843 4208 1926 4254 66.
1966 4204 2284 4269 opprobrium
2300 4202 2556 4269 maiorm]
2586 4202 2691 4255 Sal«

1621 4280 1903 4333 lustianum
1925 4286 2024 4333 est.
2085 4280 2296 4347 Lipsius.
