3009 4942
901 391 2043 461 mn.11.cA1².40.AN1-1A1.1uu.

347 545 572 610 scilicet,
614 534 912 613 priusquam
953 550 1085 601 bene
1128 552 1416 601 innotesce-

346 629 465 674 ret:
499 627 821 687 pra-veniebat
837 635 1028 691 autem,
1062 644 1125 679 ex
1150 629 1414 695 inopinato

344 706 402 749 et
425 698 672 750 celeriter
714 716 771 752 se
810 704 1053 755 sistendo.
1121 706 1208 757 Ita
1232 723 1414 771 parum

344 791 531 842 guaros
579 779 925 845 relinquebat,
961 797 1144 846 parum
1186 784 1414 848 providis

341 867 399 902 se
416 854 654 904 sistebat.
710 856 921 920 Lipsius.

394 932 722 995 -Relinquebat
739 935 949 1000 fumum,
970 941 1052 986 out
1073 939 1411 1004 proeveniebat]

340 1009 481 1059 Mira
517 1010 739 1060 bominis
777 1016 1004 1063 versutia
1035 1022 1092 1065 et
1124 1015 1406 1069 festinatio.

340 1085 869 1154 Relinquebatfamam,
914 1107 1032 1141 cum
1063 1092 1176 1144 fere
1200 1095 1409 1158 ignotus

336 1164 527 1226 abiret,
546 1167 862 1229 proeveniebul
886 1184 1003 1219 cum
1029 1170 1197 1221 adiret
1223 1188 1236 1219 z
1271 1170 1410 1221 fama

338 1252 620 1313 utrumque
637 1256 900 1315 sequente.
937 1251 1167 1301 Pichena.
1218 1252 1280 1301 Id
1305 1258 1406 1315 est,

337 1325 504 1375 sicubi
522 1333 678 1391 esset,
699 1328 873 1379 aiebat
891 1344 1003 1379 esse
1023 1345 1078 1379 se
1096 1330 1410 1396 Agrippam,

336 1406 394 1450 et
430 1400 725 1467 Agrippam
747 1420 943 1468 verum,
965 1421 1179 1471 eamque
1213 1407 1405 1457 famam

335 1476 409 1528 ibi
448 1480 813 1546 relinquebat:
859 1483 940 1532 vel
987 1483 1031 1532 si
1072 1483 1295 1533 nondum
1340 1497 1406 1533 eo

333 1559 671 1620 pervasisset,
712 1574 808 1623 per
851 1574 1081 1610 rumores
1121 1561 1405 1624 praevenie-

331 1634 440 1684 bat.
472 1636 716 1686 Aurelius.
783 1638 904 1688 Non
929 1639 1052 1687 satis
1079 1638 1273 1701 capim·
1318 1638 1402 1686 Li-

331 1714 420 1759 cet
442 1711 579 1760 enim
612 1718 892 1779 utcumque
917 1713 1181 1777 explicare
1201 1714 1292 1763 sim
1318 1729 1402 1763 co-

331 1794 506 1849 natuS,
528 1787 681 1838 video
705 1795 876 1839 tamen
912 1776 971 1839 in
1005 1789 1103 1852 his,
1129 1805 1246 1855 quae
1273 1799 1401 1840 tam-

333 1877 484 1928 quam
508 1864 709 1913 diversa
724 1871 1099 1929 proponuntur,
1111 1874 1198 1916 aut
1209 1867 1399 1916 nullam

330 1939 543 1988 omnino
562 1938 930 2005 differentiani,
958 1946 1049 1991 aut
1066 1949 1208 1992 certe
1228 1950 1400 2006 perte-

328 2029 485 2065 nuem
507 2031 638 2066 esse.
705 2019 842 2067 Nam
863 2033 955 2067 oro
981 2025 1052 2082 te,
1073 2020 1159 2084 qui
1178 2020 1401 2084 relinquit

316 2091 524 2158 famam,
565 2109 735 2144 nonne
774 2095 912 2144 idem
950 2096 1288 2159 proerenitset
1310 2098 1397 2161 qui

327 2172 611 2235 praevenit,
657 2172 935 2237 relinquit?
1000 2172 1086 2223 An
1122 2187 1223 2223 non
1257 2173 1322 2222 ob
1344 2173 1399 2223 id

325 2248 495 2311 ipsum
534 2249 672 2314 quod
714 2250 865 2301 homo
886 2249 1161 2314 ,praecedit
1190 2249 1399 2314 famam,

324 2324 414 2373 illa
432 2326 669 2390 seqnitur
689 2325 944 2375 hominem
965 2326 984 2373 ?
1018 2327 1212 2375 Parum
1231 2327 1396 2386 abest,

324 2409 384 2449 ut
407 2399 636 2450 referam
658 2402 772 2451 ltaec
797 2403 937 2451 inter
968 2403 1199 2467 argutias
1240 2403 1398 2453 nimia

325 2478 624 2528 subtilitate
648 2493 824 2541 vanna,
845 2480 1024 2543 quales
1057 2480 1108 2529 iu
1145 2480 1407 2530 hoc-auc·-

320 2560 435 2605 tore
457 2554 631 2605 Savile
664 2556 785 2605 alibi
817 2556 1187 2621 reprehendit:
1218 2563 1278 2607 ut
1299 2558 1396 2607 hoc

323 2644 390 2682 ex
417 2632 489 2682 H.
512 2647 553 2683 ῐ.
574 2637 626 2683 4.
660 2634 676 2661 ‘
696 2641 756 2683 ut
775 2649 878 2684 non
901 2634 1054 2684 modo
1068 2649 1218 2683 casus
1241 2647 1396 2683 even-

319 2715 512 2775 tusque
532 2712 703 2761 reru‘m
723 2730 737 2774 ;
755 2712 843 2777 qui
861 2714 1167 2777 plerumque
1185 2711 1394 2763 fortuiti

322 2794 443 2836 sunt
461 2804 475 2849 ς
498 2787 592 2837 sed
619 2790 751 2838 ratio
770 2790 926 2839 etiam
944 2803 1252 2854 caussaeque
1277 2805 1394 2841 nos·

322 2864 544 2915 cantur?
609 2865 881 2917 Quomodo
919 2865 1059 2916 enim
1096 2872 1186 2915 aut
1208 2864 1393 2916 fortui-

320 2945 493 2991 torum
553 2957 751 2992 caussae
809 2943 942 2993 tradi
991 2942 1242 3007 possunt;
1301 2949 1393 2993 aut

320 3031 536 3082 qnorum
597 3033 792 3068 caussoe
847 3014 1063 3082 possunt
1080 3050 1087 3059 ι
1104 3020 1261 3083 tradi,
1306 3020 1393 3071 ba·

319 3093 433 3144 beri
453 3110 549 3159 pro
566 3094 828 3146 fortuitis?
858 3095 1223 3146 Freinshemius.
1256 3097 1390 3145 Sane

319 3171 554 3222 cavillari
578 3173 702 3222 licet
726 3179 892 3222 totum
915 3172 1071 3224 diem.
1137 3175 1251 3240 Ego
1270 3188 1391 3224 vero

319 3243 620 3298 ne‘Savillio
646 3249 855 3314 quidem
877 3250 963 3314 jus
1007 3248 1165 3300 fuisse
1199 3266 1393 3303 ‚censeo

318 3323 419 3375 ista
442 3326 605 3375 verba
628 3325 976 3389 improbandi,
1008 3332 1068 3375 ut
1091 3325 1225 3376 infra
1251 3327 1391 3378 vide·

317 3398 523 3453 bimus.'
568 3405 758 3452 Totum
783 3410 957 3453 autem
977 3403 1300 3468 interpretor
1322 3404 1389 3455 de

319 3482 481 3545 abitu,
520 3482 680 3548 idque
717 3481 961 3546 praecipit
1000 3482 1112 3545 ipse
1147 3481 1387 3543 Tacitus,

316 3573 430 3611 cum
453 3559 561 3608 ait:
586 3560 602 3588 ‘
626 3573 796 3623 neque
820 3558 1017 3608 diutius
1039 3558 1224 3608 iisdem
1244 3559 1390 3622 locis,

315 3635 403 3684 sed
422 3642 515 3685 aut
533 3635 863 3699 relinquebat
877 3642 968 3684 aut
981 3636 1366 3699 praeveniebatz

315 3711 434 3776 qnid
453 3702 666 3774 fecerit,
682 3718 879 3775 narrat,
892 3712 946 3760 in
963 3713 1223 3762 mutandis
1236 3714 1386 3765 locis.

314 3788 424 3837 Etsi
447 3794 623 3839 autem
659 3789 919 3853 relinquere
954 3790 1216 3840 interdum
1260 3791 1387 3843 dici-

315 3856 445 3929 m'ur,
494 3867 742 3931 quicquid
784 3874 903 3930 post
938 3873 1142 3932 tergum
1184 3875 1266 3919 est
1301 3871 1384 3919 vel

315 3943 472 4005 veuit,
537 3943 750 4009 proprie
817 3951 989 3993 tamen
1046 3946 1382 4011 relinquimus

315 4019 449 4085 qnod
490 4019 776 4070 nobiseum'
801 4020 922 4085 fuit,
977 4030 1067 4072 aut
1106 4024 1241 4088 qnod
1269 4025 1383 4088 jam

313 4097 477 4156 adest,
497 4110 614 4146 cnm
639 4097 704 4147 ab
729 4095 1119 4149 eo'discedimus
1145 4116 1158 4161 ;
1186 4116 1384 4165 praeve·

311 4175 473 4225 nimus
488 4174 544 4223 id
565 4174 704 4238 quod
717 4175 941 4224 nondum
957 4175 1126 4240 adest,
1138 4192 1226 4228 seu
1241 4179 1380 4245 quod

312 4250 443 4317 post'
459 4266 552 4303 nos
578 4254 1013 4304 demum-existit.
1081 4256 1200 4307 Hoc
1219 4258 1399 4322 igitur..

312 4330 400 4397 ait,
426 4330 621 4382 'abibat‘
644 4332 737 4423 ιη’.)7
755 4345 871 4382 cum
895 4328 1212 4397 inciperetur
1234 4348 1380 4400 spar-

1494 553 1566 617 gi,
1586 554 1671 603 vel
1703 555 1999 621 priusquam
2029 563 2361 623 spargeretur
2383 548 2561 612 runior

1492 644 1610 679 enm
1625 631 1825 681 adesse.
1880 632 2167 685 Gronovius.
2243 658 2250 663 ·
2553 662 2562 675 ·

1556 708 1688 758 CAP.
1710 711 1794 759 40.
1831 706 2030 758 Ostium
2048 710 2282 762 intectum
2304 714 2558 764 multitudo

1485 784 1657 846 ingens
1676 785 1963 849 celebrabat]
1996 786 2276 855 Crederem
2298 789 2340 836 si
2366 789 2559 853 adjice·

1487 870 1635 912 retur
1667 862 1826 925 fumo,
1849 877 2049 928 rumore,
2081 879 2305 928 sermone,
2355 865 2559 917 vocibus.

1488 938 1627 988 Nam
1661 941 1780 990 mihi
1826 940 1950 990 nihil
1999 942 2333 1005 exploratius,
2384 957 2559 1007 quam,

1487 1030 1640 1081 quem
1657 1017 1911 1067 multitudo
1930 1018 2196 1068 celebrare
2175 1033 2346 1091 ingens
2361 1014 2560 1069 dicitur

1484 1092 1773 1157 veteribus,
1791 1109 1906 1144 eum
1922 1110 2160 1159 magnam
2176 1086 2382 1146 turbam
2401 1096 2559 1146 comi·

1485 1174 1612 1234 tum,
1633 1171 2101 1237 anteambulonum‚
2133 1179 2449 1224 sectatorum
2471 1187 2556 1224 se-

1482 1260 1600 1296 cum
1620 1248 1824 1298 trabere
1840 1249 2081 1315 intelligi.
2149 1252 2260 1301 Cic.
2286 1267 2381 1316 pro
2402 1253 2556 1302 Sext.¹

1479 1324 1495 1350 ‘
1516 1323 1632 1373 Viae
1656 1326 1985 1376 multitudine
2007 1328 2295 1390 legatorum
2321 1329 2556 1394 undique

1479 1399 1750 1450 missorum
1798 1403 2234 1453 celebrabantur!
2302 1404 2384 1454 Ad
2433 1406 2552 1456 Att.

1480 1490 1560 1525 ιν.
1601 1481 1648 1526 1.
1681 1477 1697 1505 ‘
1717 1478 1907 1528 Similis
1947 1479 2240 1545 frequentia
2271 1495 2353 1530 me
2385 1496 2550 1547 usque

1476 1553 1545 1603 ad
1570 1555 1882 1619 Capitolium
1906 1555 2230 1607 celebravit!
2279 1557 2395 1609 Lib.
2419 1572 2457 1608 ι.
2480 1558 2552 1608 de

1482 1630 1643 1681 Orat.
1677 1634 1693 1660 ‘
1723 1632 1898 1683 Testis
1921 1640 2001 1683 est
2016 1633 2232 1698 hujusce
2278 1636 2343 1688 Q.
2382 1636 2552 1687 Mucii

1466 1706 1628 1770 janua
1646 1712 1807 1772 atque·
1821 1709 2150 1772 vestibulum,
2166 1711 2301 1774 qnod
2321 1706 2554 1763 maxima

1477 1783 1711 1847 quotidie
1749 1782 2044 1849 frequentia
2081 1787 2269 1836 civium
2314 1788 2550 1840 celebra-

1477 1859 1599 1907 tur.’
1663 1861 1828 1909 Plane
1870 1862 1945 1909 sic
1985 1868 2042 1912 et
2068 1863 2278 1913 Tacitus
2301 1863 2553 1930 loquitur,

1476 1945 1776 2002 narratque,
1790 1939 1940 1987 simul
1956 1953 2208 2004 egressus,
2223 1944 2323 1991 ὅτε.
2359 1942 2389 1969 ¹*
2405 1955 2549 1994 xxn.

1474 2012 1652 2076 lapide
1678 2013 1746 2064 ab
1768 2014 1897 2065 urbe
1921 2015 2122 2067 distare
2159 2017 2365 2068 Ostiam
2400 2033 2554 2070 acce-.

1473 2092 1576 2155 pit,
1599 2093 1801 2157 opinor,
1842 2094 2225 2146 Freinshemius
2245 2111 2275 2146 e
2298 2104 2548 2162 corrupto

1473 2167 1746 2219 Strabonis
1765 2172 1895 2233 loco,
1932 2186 2049 2222 cum
2073 2179 2153 2222 tot
2175 2173 2261 2222 alii
2285 2181 2547 2236 auctores,

1475 2246 1683 2311 tabulae,
1714 2247 1980 2298 itineraria
2010 2262 2126 2299 xvt.
2153 2249 2361 2314 quidam
2383 2250 2546 2300 etiam

1475 2336 1605 2373 xm.
1651 2324 1877 2375 millibus
1930 2325 2165 2375 contenti
2220 2325 2341 2377 siut.
2409 2326 2543 2377 Vide

1474 2400 1818 2452 Cluverium.·
1850 2402 2135 2469 Gronovius.

1539 2477 1740 2526 Servum
1791 2493 1926 2527 mum
1979 2477 2233 2542 coerceret]
2300 2480 2541 2531 Muretus

1470 2569 1608 2618 auum
1633 2555 1799 2605 deleri
1837 2556 2016 2619 voluit,
2040 2556 2177 2621 quod
2201 2556 2398 2607 refutat
2423 2558 2546 2621 Lip-

1471 2632 1596 2696 sius,
1632 2647 1907 2697 suppresso
1939 2632 2147 2682 nomine
2187 2639 2242 2683 et
2276 2634 2387 2697 ipsa
2422 2648 2548 2683 con-⁰

1460 2710 1696 2773 jectura,
1710 2716 1912 2761 tautum
1930 2717 2127 2759 rectum
2143 2724 2259 2758 esse
2271 2708 2539 2773 vulgatum

1470 2787 1630 2846 aiens.
1700 2788 1769 2837 Et
1810 2793 1893 2837 est
1936 2786 2077 2835 forte
2117 2792 2336 2837 rectum.
2403 2786 2539 2841 Mihi
2631 2813 2638 2820 ·

1467 2872 1642 2915 tamen
1664 2879 1767 2915 non
1800 2864 2105 2915 inconcinne
2135 2878 2203 2912 ex
2230 2877 2365 2912 suum
2381 2863 2539 2913 scribi

1465 2958 1621 3007 posse
1638 2943 1805 2992 statim
1823 2940 2126 2992 videbatur:
2145 2939 2283 3005 quod
2301 2939 2546 3003 profecto·

1466 3018 1619 3068 valde
1641 3018 1709 3068 ad
1733 3019 1833 3069 loci
1850 3017 2185 3074 sententiam,
2207 3017 2252 3066 si
2269 3016 2540 3081 sequentia

1468 3095 1629 3144 verba
1648 3096 1894 3159 pensitas.
1944 3091 2208 3144 Acidilius.

1532 3168 1824 3222 Modo-nihil
1846 3167 2176 3237 spernendum]
2226 3171 2362 3220 Nam
2382 3177 2441 3221 ut
2464 3177 2538 3220 te·

1466 3249 1581 3297 nnis
1616 3249 1860 3312 scintilla,
1903 3249 1946 3297 si
1981 3249 2034 3298 in
2067 3248 2342 3297 materiam
2373 3247 2437 3296 ad
2462 3244 2537 3311 ig-‘

1465 3324 1585 3383 nem
1598 3326 1997 3389 concipiendum
2013 3323 2254 3374 idoneam
2271 3323 2535 3387 inciderit,

1464 3416 1706 3465 magnum
1745 3401 2043 3452 incendium
2084 3401 2297 3463 excitat,
2349 3400 2425 3449 sic
2464 3414 2534 3449 ex

1465 3480 1609 3529 tenni
1648 3487 1705 3529 et
1738 3480 1928 3543 exiguo
1960 3478 2213 3543 principio
2235 3491 2436 3541 magnas
2456 3477 2536 3527 in·

1464 3555 1670 3606 terdum
1711 3556 1880 3606 tnrboe
1928 3570 1989 3606 ac
2025 3555 2307 3606 seditiones
2338 3552 2534 3606 exoriri

1372 3636 1387 3658 '
1462 3634 1653 3683 solent.
1705 3634 1944 3682 Muretus.

1527 3709 1673 3758 Modo
1717 3723 1809 3757 non
1848 3708 2005 3758 omnia
2040 3708 2312 3772 metuenda]
2382 3706 2533 3760 Qun?-

1459 3786 1578 3837 da'm
1603 3789 1738 3837 enim
1780 3801 1896 3852 quae
1931 3793 2236 3851 contempta
2258 3799 2544 3835 evanesce-

1457 3873 1592 3929 rent,
1623 3865 1880 3915 interdum
1896 3878 1958 3913 eo
1971 3879 2083 3928 ipso
2104 3867 2369 3926 crescunt,
2387 3856 2531 3977 quod'

1456 3958 1562 3993 non
1584 3943 1937 4007 negliguntur.
1994 3942 2234 3990 Muretus.

1522 4021 1791 4083 Ambigatus
1831 4018 2045 4083 pudoris]
2096 4014 2357 4079 Pudebat)
2388 4015 2538 4065 servi

1456 4111 1631 4160 eausa,
1653 4095 1987 4146 commoveri.
2055 4093 2246 4154 Metus
2255 4098 2388 4152 erat,
2428 4091 2529 4142 nisi

1454 4174 1646 4231 malum
1661 4172 1876 4229 nascens
1896 4163 2532 4234 opprimeretursnecon-

1455 4252 1764 4301 valesceret.
1825 4247 2107 4311 Principiis
2124 4243 2433 4299 obstandum
2447 4255 2544 4299 eni

1452 4345 1530 4396 se,
1549 4328 1741 4380 medici
1763 4327 1972 4377 docent.
2028 4324 2270 4379 Muretus.
