3009 4942
449 380 626 452 3778

454 549 514 594 ta
537 542 722 592 Romae
744 546 890 593 erat:
937 539 1166 591 libertini
1191 541 1373 601 etiam,
1411 540 1521 606 qui-

456 619 558 671 bus
579 619 728 669 liberi
750 627 922 669 essent
958 626 1012 667 et
1035 625 1162 668 aetas
1183 619 1437 681 militaris,
1452 618 1521 677 ‚iu

407 739 412 745 .
456 696 619 747 verba
667 695 1007 760 juraverant!
1097 695 1351 747 Eumenes
1385 695 1521 760 apud

458 772 757 827 Justinum:
812 773 828 800 ‘
852 773 1051 824 Quater
1084 772 1222 821 intra
1258 772 1394 820 bunc
1433 786 1522 820 an-

456 862 581 901 num
616 848 670 898 in
704 863 820 898 mea
859 848 1018 898 verba
1050 847 1393 911 jurejurando
1433 848 1523 897 ob-

456 925 630 976 stricti
652 925 812 977 estis.'
877 924 1028 977 Quod
1049 926 1135 974 hic
1154 930 1412 985 narratur,
1431 925 1524 972 ini-

458 1003 590 1053 tium
612 1003 832 1067 sumpsit
852 1003 904 1051 in
928 1003 1082 1064 Divo,
1113 1001 1179 1050 de
1218 1016 1321 1065 quo
1338 1001 1524 1053 Suetoe

456 1080 575 1129 nius
596 1093 710 1143 cap.
733 1083 814 1130 84.
845 1079 862 1106 ‘
885 1079 1004 1128 item
1021 1077 1400 1143 jusjurandum,
1416 1092 1523 1142 ,quo

458 1169 515 1205 se
539 1154 717 1205 cuncti
737 1170 832 1219 pro
855 1156 1017 1204 salute
1054 1155 1204 1203 unius
1238 1156 1524 1204 adstrinxe-

456 1231 611 1280 rant.’
676 1232 747 1281 Et
767 1246 917 1281 mox:
951 1232 966 1259 ‘
985 1230 1231 1280 confisum
1249 1231 1524 1281 novissimo

455 1308 550 1358 illo
573 1308 669 1358 SC.
693 1315 749 1359 et
771 1309 1149 1373 jurejurando!
1215 1308 1519 1373 Appianas:

458 1382 524 1434 ὃν
560 1383 760 1449 Καίσαρι
800 1383 972 1435 πάντες
1015 1384 1275 1449 ὠμόσαμεν,
1313 1385 1525 1449 φύλακες

456 1461 545 1510 τοῦ
566 1460 782 1522 σώματος
799 1461 833 1519 ἦ
851 1462 1038 1526 τιμωροὶ
1073 1460 1268 1511 παθόντι
1303 1480 1351 1510 τι
1387 1460 1522 1511 ἔσεσ-

456 1541 550 1588 θαι.
639 1539 874 1589 Iterum:
907 1538 985 1587 καὶ
1015 1536 1126 1588 τοὺς
1160 1537 1338 1603 ὅρκους,
1371 1538 1403 1598 ἦ
1436 1538 1525 1599 μὲν

456 1614 684 1680 φυλάξειν
714 1615 928 1681 Καίσαρα
963 1615 1040 1666 καὶ
1075 1616 1134 1665 τὸ
1165 1618 1252 1665 τοῦ
1289 1616 1523 1681 Καίσαρος

457 1697 594 1757 σῶμα
613 1695 755 1744 παντὶ
777 1693 927 1744 σθένει
942 1692 1181 1755 πάντας,ἦ
1196 1694 1244 1743 εἴ
1252 1713 1324 1743 τις
1341 1695 1525 1751 ἐπιβου-

457 1769 689 1834 λεύσειεν,
707 1771 890 1834 ἐξώλεις
910 1770 1024 1821 εἶναι
1044 1770 1155 1821 τοὺς
1169 1772 1252 1820 οὐκ
1265 1770 1525 1833 ἀμύνοντας

414 1868 417 1877 ·
458 1847 601 1909 αὐτῷ.
668 1846 1036 1910 NecAugusto
1059 1846 1232 1897 defuit
1247 1846 1523 1900 foedaSex.

457 1924 681 1977 Pacuvii
700 1923 951 1985 adulatio,
973 1924 1040 1973 de
1079 1938 1182 1988 qua
1208 1925 1311 1972 Dio
1346 1926 1379 1974 l.
1402 1939 1522 1975 Lm.

457 1995 561 2050 His
583 1999 833 2063 exemplis
853 1999 1010 2049 cessit
1033 1999 1223 2063 pudor,
1244 2006 1300 2048 et
1313 2000 1522 2051 Tiberio

450 2075 566 2141 jam
602 2075 747 2142 quasi
783 2076 1067 2139 legitimum
1104 2090 1166 2124 ac
1205 2077 1417 2125 solenne
1448 2075 1523 2126 fa·

458 2155 620 2207 ciunt.
686 2155 778 2203 Vis
814 2153 931 2217 fuit,
972 2155 1522 2218 salutempropugna-

452 2235 603 2280 -turos
627 2237 683 2280 et
699 2240 819 2281 acta
841 2237 953 2280 rata
973 2230 1252 2280 habituros.
1319 2229 1368 2279 A
1391 2231 1523 2279 mili·

456 2309 532 2360 tia
553 2308 710 2358 etiam
744 2309 1052 2357 translatum
1090 2308 1157 2357 ad
1190 2307 1523 2372 gladiatores,

456 2383 551 2433 sed
585 2384 765 2433 horum
804 2390 1178 2433 sacramentum
1205 2384 1302 2446 uri,
1324 2385 1524 2449 vinciri,

454 2460 613 2524 virgis
634 2459 879 2525 ferroque
902 2462 1095 2509 necari.
1171 2461 1456 2511 Gronovius.

523 2539 583 2587 G.
632 2537 920 2600 Turranius]
985 2537 1015 2566 ⁴*
1067 2539 1307 2588 Turranii
1363 2539 1523 2589 etiam

454 2613 651 2662 mentio
662 2613 978 2675 Senecae‚ad
997 2613 1271 2662 Paulinum
1294 2629 1414 2678 cap.
1436 2631 1522 2665 ex-

457 2695 658 2739 tremo:
690 2690 878 2738 meseia
902 2705 967 2737 an
990 2690 1155 2752 hujus,
1191 2690 1307 2754 quia
1342 2705 1524 2752 procu-

451 2765 712 2817 rationem
749 2765 825 2812 illi
864 2764 1062 2827 tribuit,
1102 2779 1204 2817 non
1237 2763 1523 2828 praefectu-

448 2853 606 2896 ratu.¹
651 2841 900 2901 Nominat
923 2848 977 2889 et
1000 2839 1222 2889 Ovidius
1255 2842 1308 2890 in
1344 2842 1523 2905 poeta-

454 2930 571 2966 rum
595 2916 744 2967 albo:
781 2918 801 2967 ξ
822 2917 1077 2980 Musaque
1103 2916 1336 2969 Turranl
1365 2920 1524 2983 tragi-

454 2991 534 3044 cis
554 2991 773 3041 subnixa
791 2991 1056 3041 cothurnis
1075 2993 1105 3041 :'
1161 3000 1215 3041 et
1254 2994 1309 3041 in
1346 2993 1522 3044 docto-

454 3081 591 3131 rum,
609 3068 764 3116 Plinii
787 3067 961 3118 index,
1026 3069 1128 3118 Sed
1163 3086 1384 3136 quaeras,
1404 3089 1521 3123 cum

452 3144 606 3209 praef.
643 3146 886 3208 praetorio
929 3153 983 3195 et
1022 3163 1237 3201 annonae
1275 3151 1329 3197 in
1365 3151 1522 3201 verba

454 3221 656 3277 Tiberii
671 3223 922 3287 jurarint,
949 3238 1043 3273 cur
1063 3226 1278 3275 omissus
1303 3226 1523 3290 praefec-

455 3304 540 3348 tus
562 3299 743 3348 urbis?
793 3299 942 3363 cujus
978 3303 1257 3352 auctoritas
1293 3319 1395 3352 non
1433 3304 1523 3352 mi-

455 3387 570 3434 nor,
610 3374 795 3439 (major
833 3376 936 3424 imo
979 3377 1071 3426 illo
1108 3377 1431 3443 Annonario)
1469 3387 1525 3429 et

450 3450 545 3500 nui
579 3452 819 3513 proprius
857 3453 907 3500 in
944 3455 1072 3501 urbe
1107 3455 1268 3504 miles.
1353 3456 1521 3505 Credo

455 3525 694 3589 equidem
741 3527 1001 3590 omissum,
1045 3530 1163 3591 quia
1209 3545 1359 3579 nemo
1403 3531 1521 3580 fuit.

453 3601 659 3653 Taurus
698 3603 930 3652 Statilius
972 3604 1247 3655 defunctus
1279 3615 1412 3666 erat,
1435 3608 1519 3656 cui

455 3676 580 3729 Piso
620 3676 867 3728 suffectus
907 3689 1025 3743 post
1059 3684 1255 3747 aliquot
1295 3698 1456 3731 annos
1491 3697 1522 3733 a

454 3753 681 3818 Tiberio,
705 3757 777 3803 uti
804 3758 967 3805 doceo
985 3760 1123 3815 clare
1144 3761 1177 3808 l.
1200 3773 1277 3809 vr.
1314 3760 1521 3822 Lipsius.

520 3830 887 3894 Praeacriptinne
905 3835 1089 3899 posuit]
1149 3836 1422 3885 Solennius
1443 3849 1522 3883 es-

458 3912 540 3958 set
586 3908 857 3971 proposuit.-
915 3918 1072 3974 atque
1126 3911 1200 3965 ita
1247 3917 1524 3961 notaverat

456 3982 730 4033 Muretus:
787 3987 877 4033 sed
915 3986 1132 4035 Tacitus
1165 3987 1386 4048 simplex
1431 3990 1523 4035 ite-

457 4072 571 4111 rum
611 4062 785 4121 maluit
828 4063 862 4111 l.
887 4055 1013 4112 ηιξ(
1038 4063 1165 4110 Mox
1203 4064 1383 4123 positis
1409 4077 1523 4123 pro-

457 4136 625 4201 palam
647 4137 833 4191 libellis
857 4141 919 4189 ad
943 4139 1241 4190 libertatem
1256 4130 1519 4188 'vocabam'

454 4212 719 4279 Acidalia.
1146 4210 1151 4213 ’

521 4289 1233 4361 Nequefabxedereacmpore]
1288 4290 1394 4345 Hic
1414 4290 1523 4345 loci

1137 389 1354 446 NO'I'AE
1403 394 1808 447 VARIORUM
1856 397 1937 446 IN

1598 539 1784 590 Mauro
1807 538 1970 604 magis
1992 538 2253 590 adsentior
2272 552 2421 604 quam
2451 538 2630 606 Lipsio‘
2643 556 2665 602 ς

1598 623 1878 681 putemque
1916 616 2179 667 Tiberium
2219 617 2329 665 haec
2371 616 2447 665 ita
2482 623 2660 680 protu-

1596 695 1896 759 lisse,quasi
1932 695 2133 744 diceret
2173 709 2328 743 unum
2371 702 2664 745 sesenato-

1598 786 1710 821 rum
1734 768 1866 821 e'sse.
1934 772 2080 821 Sicut
2117 771 2249 821 alter
2290 772 2375 819 ille
2415 771 2661 839 Claudius

1597 861 1698 898 xu.
1740 855 1789 898 5.
1819 850 1834 877 ‘
1867 856 2021 898 unum
2055 863 2110 897 se
2151 849 2337 897 civium
2360 849 2393 898 :’
2427 847 2662 911 quamvis

1598 933 1655 976 et
1697 927 1853 976 istum
1898 927 2066 975 locum
2113 924 2395 975 labefactet
2438 924 2661 988 Lipsius.

1595 1004 1769 1054 Etiam
1808 1004 1861 1053 id
1904 1003 2042 1067 quod
2078 1002 2283 1067 subjicit
2328 1002 2393 1050 de
2437 1000 2664 1067 publicis

1594 1081 1915 1142 muneribus,
1968 1093 2071 1128 non
2116 1079 2192 1127 ita
2242 1077 2461 1140 accipio,
2513 1075 2664 1142 quasi

1597 1172 1695 1223 pro
1718 1158 1926 1222 publico
1943 1170 2154 1205 munere
2172 1156 2423 1204 habeatur
2436 1152 2666 1216 Augusti

1594 1248 1786 1298 corpus
1810 1235 2084 1293 comitari;
2135 1233 2225 1282 sed
2251 1232 2541 1294 intelligere
2564 1231 2665 1280 hoe

1597 1309 1763 1374 ipsum
1818 1311 2048 1359 edictum
2114 1308 2251 1374 quod
2321 1307 2666 1372 proponebat.

1598 1386 1891 1436 Freimhem.

1667 1464 1736 1511 Ut
1755 1464 2011 1526 imperator
2030 1463 2247 1526 dederat]
2298 1461 2512 1524 Signum
2536 1460 2665 1511 dare

1596 1539 1921 1602 imperatoris
1941 1546 2051 1589 est:
2105 1538 2240 1587 unde
2259 1536 2501 1598 σημαίνειν
2519 1537 2665 1600 impe-

1594 1630 1722 1664 rare.
1806 1616 2066 1665 Homerus
2086 1633 2101 1664 :
2148 1615 2235 1664 αἵθ’
2271 1616 2486 1677 ὤφελλες
2516 1614 2667 1666 ἀεικε-

1595 1691 1704 1742 λίου
1735 1694 1939 1756 στρατοῦ
1973 1692 2127 1742 ἄλλον
2157 1691 2417 1753 Emanium.
2480 1694 2552 1741 Et
2579 1707 2666 1752 ow-

1596 1767 1822 1833 μάντορες
1841 1770 2162 1832 imperatores.
2230 1768 2485 1819 Muretus.
2655 1808 2665 1833 1

1667 1846 1912 1910 Excubioe,
1932 1846 2089 1908 ama]
2140 1846 2417 1908 Praecipua
2436 1846 2545 1894 haec
2568 1844 2668 1908 sig-

1598 1938 1667 1973 na
1705 1930 1829 1972 tunc
1871 1922 2147 1984 Principis.
2215 1923 2411 1972 Noster
2445 1921 2512 1971 de
2548 1922 2667 1970 Mu-

1598 2000 1742 2051 ciano
1763 2016 1776 2048 :
1809 2001 1825 2027 ‘
1850 2000 1966 2049 Nec
1990 1998 2173 2048 deerat
2202 1999 2314 2062 ipse
2339 1998 2562 2061 stipatus
2584 2012 2668 2051 are

1598 2077 1773 2139 matis,
1824 2084 2099 2141 apparatu,
2139 2078 2367 2138 incessu,
2412 2076 2664 2138 excubiis,

1598 2153 1702 2202 vim
1745 2152 2009 2215 Principis
2050 2153 2311 2216 amplecti,
2351 2167 2539 2203 nemen
2584 2165 2665 2202 re·

1597 2230 1842 2280 mittere.'
1907 2229 2112 2293 Lipsius.
2591 2250 2596 2255 ·
2653 2268 2664 2279 .
2694 2264 2716 2295 .-

1624 2310 1628 2315 ’
1666 2308 1748 2356 Ex
1790 2306 2077 2369 formidine]
2140 2305 2433 2354 Cunctandi
2477 2318 2667 2369 nempe

1599 2398 1800 2446 caussa,
1820 2382 2039 2432 formido
2061 2397 2128 2430 ex
2149 2382 2459 2431 Germanico
2480 2398 2493 2430 ε
2530 2395 2598 2430 ne
2615 2382 2665 2431 si

1597 2460 1687 2511 ille
1711 2461 1867 2510 tantis
1890 2460 2083 2508 viribus
2114 2465 2170 2507 et
2204 2457 2369 2519 gratia
2390 2457 2665 2521 imperium

1599 2537 1776 2598 vellet,
1795 2537 1905 2599 ipse
1930 2536 2153 2599 turpiter
2175 2536 2506 2599 abjiceretur.
2549 2535 2666 2585 Me-

1597 2613 1695 2661 lius
1718 2627 1840 2675 ergo
1862 2611 2112 2661 censebat
2131 2626 2234 2659 non
2256 2626 2554 2674 agnoscere,
2578 2611 2667 2660 do·-

1597 2703 1696 2737 nec
1717 2695 1895 2738 nosset
1912 2689 2026 2751 ejus
2047 2696 2290 2738 mentem.
2313 2713 2330 2723 ι
2358 2690 2507 2737 Idem.

1664 2768 1753 2815 Tot
1775 2767 2013 2829 aegium]
2079 2765 2221 2815 Octo
2245 2765 2311 2814 ad
2334 2766 2590 2827 Rhenum,
2609 2764 2664 2814 in

1598 2844 1710 2906 ripa
1728 2843 1963 2893 Gallica:
2015 2842 2357 2906 praecipuum,
2389 2856 2493 2890 uno
2531 2841 2672 2904 loeo,

1597 2920 1801 2984 imperii
1839 2921 2013 2970 robur.
2078 2918 2253 2982 Atque
2294 2933 2370 2968 eae
2411 2933 2529 2966 cum
2558 2917 2665 2967 suis

1599 2997 1803 3047 auxiliis
1842 3003 1898 3045 et
1936 2995 2175 3059 equitatu
2215 2993 2372 3043 facile
2413 2993 2479 3043 ad
2513 3007 2565 3042 e.
2599 3006 2666 3046 Μ.

1577 3074 1817 3124 militum
1847 3073 2186 3123 accedebant.
2254 3071 2404 3119 Idem.

2649 3102 2665 3124 ὃ

1661 3152 1826 3200 Dabat
1856 3156 1904 3199 et
1930 3149 2104 3212 fame]
2172 3149 2372 3196 Seneca
2399 3147 2477 3201 de
2511 3147 2669 3197 clem·

1599 3229 1633 3277 l.
1672 3242 1711 3278 1.
1743 3229 1758 3255 ‘
1784 3227 2060 3290 Principes
2084 3226 2248 3273 multa
2286 3224 2483 3273 debent
2503 3224 2666 3273 etiam

1599 3302 1750 3352 famoe
1773 3302 1931 3351 dare.'
1998 3303 2193 3350 Noster
2216 3301 2355 3349 Anu.
2380 3313 2453 3348 ιν.
2485 3299 2500 3326 ‘
2521 3299 2670 3353 Prin-¹

1597 3380 1771 3442 cipum
1810 3379 2066 3427 diversam
2099 3391 2214 3425 esse
2253 3383 2460 3438 sortem,
2481 3375 2670 3440 quibus

1600 3457 1869 3517 praecipua
1910 3467 2094 3502 rerum.
2117 3455 2183 3505 ad
2222 3453 2414 3503 famam
2447 3454 2672 3516 dirigen-

1598 3528 1701 3578 da!
1767 3531 1994 3579 Pit-hena.
2651 3572 2661 3582 .

1670 3605 1902 3657 Uxorium
1937 3605 2189 3667 ambitum]
2257 3606 2443 3656 Matris
2486 3604 2671 3668 Liviae,

1599 3697 1716 3746 quae
1742 3699 1773 3732 a
1793 3684 1977 3732 marito
1998 3684 2051 3732 id
2075 3683 2414 3733 exambierat.
2456 3683 2669 3745 Lipsiae.

1663 3760 1911 3807 Inductum
1932 3758 2292 3820 dubitationem]
2325 3758 2670 3823 Scriboindu·

1597 3841 1712 3885 tum.
1783 3838 1880 3886 Est
1909 3837 2044 3885 enim
2082 3836 2274 3905 indue-re
2304 3850 2668 3899 nonnunquam

1598 3910 1864 3974 praeferre,
1893 3912 2201 3972 obtendere,
2232 3918 2514 3961 ostentare.
2581 3912 2667 3967 Li-

1601 3987 1709 4035 vius
1748 3988 1781 4035 Ι.
1804 4001 1842 4037 1.
1884 3988 1947 4035 de
1991 3989 2187 4037 Bruto:
2224 3992 2238 4016 ‘
2267 3989 2413 4051 longe
2435 3989 2566 4037 alius
2588 3988 2668 4046 inq

1599 4064 1771 4126 genio,
1805 4079 1956 4128 quam
1989 4065 2135 4128 cujus
2169 4064 2549 4117 simulationem
2587 4064 2667 4114 in-

1597 4139 1820 4188 duerat!
1884 4140 2082 4188 Seneca
2105 4139 2171 4187 de
2195 4137 2368 4187 benef.
2391 4154 2454 4189 ιι.
2475 4145 2525 4188 2.
2548 4141 2564 4168 ⁴
2580 4141 2670 4193 lm·
2715 4148 2720 4152 '

1598 4223 1682 4264 tus
1714 4214 1844 4265 facit
1876 4222 1930 4264 et
1967 4215 2136 4264 induit
2158 4215 2256 4264 sibi
2279 4216 2435 4265 animi
2456 4215 2536 4267 sui
2557 4217 2669 4290 vul?

1596 4290 1743 4344 tum-²
1810 4292 2005 4381 Noster
2020 4292 2059 4343 1.
2080 4306 2137 4346 v.
2160 4293 2177 4322 ‘
2196 4291 2487 4345 Plurimum
2509 4293 2665 4354 simu·
