<?xml version="1.0" encoding="UTF-8"?>
<!DOCTYPE html PUBLIC "-//W3C//DTD XHTML 1.0 Transitional//EN"
    "http://www.w3.org/TR/xhtml1/DTD/xhtml1-transitional.dtd">
<html xmlns="http://www.w3.org/1999/xhtml" xml:lang="en" lang="en">
 <head>
  <title>
</title>
<meta http-equiv="Content-Type" content="text/html;charset=utf-8" />
  <meta name='ocr-system' content='tesseract 3.04.00' />
  <meta name='ocr-capabilities' content='ocr_page ocr_carea ocr_par ocr_line ocrx_word'/>
</head>
<body>
  <div class='ocr_page' id='page_1' title='image "./operaomnia10tacigoog/operaomnia10tacigoog_0120.png"; bbox 0 0 3009 4942; ppageno 0'>
   <div class='ocr_carea' id='block_1_1' title="bbox 504 521 1580 4257">
    <p class='ocr_par' dir='ltr' id='par_1_1' title="bbox 505 521 1572 1189">
     <span class='ocr_line' id='line_1_1' title="bbox 505 521 1567 587; baseline -0.004 -13"><span class='ocrx_word' id='word_1_1' title='bbox 505 521 703 574; x_wconf 76' lang='lat' dir='ltr'>familia</span> <span class='ocrx_word' id='word_1_2' title='bbox 733 522 911 584; x_wconf 87' lang='lat' dir='ltr'>fuerit,</span> <span class='ocrx_word' id='word_1_3' title='bbox 935 537 1088 587; x_wconf 80' lang='lat' dir='ltr'>quum</span> <span class='ocrx_word' id='word_1_4' title='bbox 1127 523 1321 575; x_wconf 83' lang='lat' dir='ltr'>Juliam</span> <span class='ocrx_word' id='word_1_5' title='bbox 1360 529 1567 586; x_wconf 80' lang='lat' dir='ltr'>gentem</span> 
     </span>
     <span class='ocr_line' id='line_1_2' title="bbox 507 600 1569 663; baseline 0 -14"><span class='ocrx_word' id='word_1_6' title='bbox 507 601 648 649; x_wconf 85' lang='lat' dir='ltr'>nulla</span> <span class='ocrx_word' id='word_1_7' title='bbox 667 607 768 648; x_wconf 82' lang='lat' dir='ltr'>tam</span> <span class='ocrx_word' id='word_1_8' title='bbox 794 608 940 649; x_wconf 76' lang='lat' dir='ltr'>arcta</span> <span class='ocrx_word' id='word_1_9' title='bbox 962 602 1270 663; x_wconf 70' lang='lat' dir='ltr'>cognatione</span> <span class='ocrx_word' id='word_1_10' title='bbox 1303 600 1569 660; x_wconf 78' lang='lat' dir='ltr'>continge·</span> 
     </span>
     <span class='ocr_line' id='line_1_3' title="bbox 507 678 1568 740; baseline -0.001 -14"><span class='ocrx_word' id='word_1_11' title='bbox 507 686 607 728; x_wconf 74' lang='lat' dir='ltr'>ret.</span> <span class='ocrx_word' id='word_1_12' title='bbox 674 679 860 740; x_wconf 84' lang='lat' dir='ltr'>Neque</span> <span class='ocrx_word' id='word_1_13' title='bbox 881 692 1002 726; x_wconf 76' lang='lat' dir='ltr'>vero</span> <span class='ocrx_word' id='word_1_14' title='bbox 1026 678 1191 728; x_wconf 81' lang='lat' dir='ltr'>simile</span> <span class='ocrx_word' id='word_1_15' title='bbox 1213 687 1295 728; x_wconf 88' lang='lat' dir='ltr'>est</span> <span class='ocrx_word' id='word_1_16' title='bbox 1312 678 1568 729; x_wconf 74' lang='lat' dir='ltr'>,Iuliorum</span> 
     </span>
     <span class='ocr_line' id='line_1_4' title="bbox 507 754 1568 816; baseline 0.002 -14"><span class='ocrx_word' id='word_1_17' title='bbox 507 767 692 802; x_wconf 89' lang='lat' dir='ltr'>nomen</span> <span class='ocrx_word' id='word_1_18' title='bbox 706 757 1117 816; x_wconf 80' lang='lat' dir='ltr'>postpositurum</span> <span class='ocrx_word' id='word_1_19' title='bbox 1128 754 1286 804; x_wconf 81' lang='lat' dir='ltr'>fuisse</span> <span class='ocrx_word' id='word_1_20' title='bbox 1300 756 1537 805; x_wconf 85' lang='lat' dir='ltr'>Tacitum</span> <span class='ocrx_word' id='word_1_21' title='bbox 1553 770 1568 804; x_wconf 71' lang='grc' dir='ltr'><strong>ε</strong></span> 
     </span>
     <span class='ocr_line' id='line_1_5' title="bbox 507 831 1569 896; baseline 0 -15"><span class='ocrx_word' id='word_1_22' title='bbox 507 831 644 896; x_wconf 85' lang='lat' dir='ltr'>quod</span> <span class='ocrx_word' id='word_1_23' title='bbox 684 847 992 895; x_wconf 74' lang='lat' dir='ltr'>qiiauiquam</span> <span class='ocrx_word' id='word_1_24' title='bbox 1029 834 1145 883; x_wconf 86' lang='lat' dir='ltr'>leve</span> <span class='ocrx_word' id='word_1_25' title='bbox 1183 834 1438 894; x_wconf 82' lang='lat' dir='ltr'>videatur,</span> <span class='ocrx_word' id='word_1_26' title='bbox 1470 833 1569 882; x_wconf 85' lang='lat' dir='ltr'>illis</span> 
     </span>
     <span class='ocr_line' id='line_1_6' title="bbox 508 909 1572 974; baseline 0 -17"><span class='ocrx_word' id='word_1_27' title='bbox 508 913 682 957; x_wconf 83' lang='lat' dir='ltr'>tamen</span> <span class='ocrx_word' id='word_1_28' title='bbox 712 909 821 970; x_wconf 84' lang='lat' dir='ltr'>jam</span> <span class='ocrx_word' id='word_1_29' title='bbox 850 919 956 957; x_wconf 85' lang='lat' dir='ltr'>tum</span> <span class='ocrx_word' id='word_1_30' title='bbox 992 910 1307 974; x_wconf 87' lang='lat' dir='ltr'>temporibus</span> <span class='ocrx_word' id='word_1_31' title='bbox 1332 909 1572 958; x_wconf 72' lang='lat' dir='ltr'>observa-</span> 
     </span>
     <span class='ocr_line' id='line_1_7' title="bbox 509 986 1570 1050; baseline 0.003 -17"><span class='ocrx_word' id='word_1_32' title='bbox 509 990 619 1034; x_wconf 87' lang='lat' dir='ltr'>tum</span> <span class='ocrx_word' id='word_1_33' title='bbox 672 986 883 1043; x_wconf 86' lang='lat' dir='ltr'>scimus,</span> <span class='ocrx_word' id='word_1_34' title='bbox 945 991 1004 1035; x_wconf 89' lang='lat' dir='ltr'>ut</span> <span class='ocrx_word' id='word_1_35' title='bbox 1060 986 1317 1049; x_wconf 79' lang='lat' dir='ltr'>digniores</span> <span class='ocrx_word' id='word_1_36' title='bbox 1363 986 1447 1050; x_wconf 85' lang='lat' dir='ltr'>qui</span> <span class='ocrx_word' id='word_1_37' title='bbox 1491 1001 1570 1036; x_wconf 83' lang='lat' dir='ltr'>es-</span> 
     </span>
     <span class='ocr_line' id='line_1_8' title="bbox 506 1064 1570 1128; baseline 0.003 -16"><span class='ocrx_word' id='word_1_38' title='bbox 506 1070 642 1125; x_wconf 87' lang='lat' dir='ltr'>sent,</span> <span class='ocrx_word' id='word_1_39' title='bbox 676 1064 827 1112; x_wconf 79' lang='lat' dir='ltr'>iidem</span> <span class='ocrx_word' id='word_1_40' title='bbox 852 1071 907 1114; x_wconf 91' lang='lat' dir='ltr'>et</span> <span class='ocrx_word' id='word_1_41' title='bbox 937 1064 1139 1128; x_wconf 82' lang='lat' dir='ltr'>priores</span> <span class='ocrx_word' id='word_1_42' title='bbox 1161 1066 1570 1115; x_wconf 77' lang='lat' dir='ltr'><strong>nominarentur.</strong></span> 
     </span>
     <span class='ocr_line' id='line_1_9' title="bbox 509 1141 882 1189; baseline 0 0"><span class='ocrx_word' id='word_1_43' title='bbox 509 1141 882 1189; x_wconf 68' lang='lat' dir='ltr'>Freinshemius.</span> 
     </span>
    </p>

    <p class='ocr_par' dir='ltr' id='par_1_2' title="bbox 504 1217 1576 1974">
     <span class='ocr_line' id='line_1_10' title="bbox 575 1217 1574 1285; baseline 0.004 -20"><span class='ocrx_word' id='word_1_44' title='bbox 575 1217 858 1281; x_wconf 71' lang='lat' dir='ltr'><strong><em>Cuicumque</em></strong></span> <span class='ocrx_word' id='word_1_45' title='bbox 892 1218 1063 1285; x_wconf 74' lang='lat' dir='ltr'>nobili]</span> <span class='ocrx_word' id='word_1_46' title='bbox 1124 1222 1202 1282; x_wconf 64' lang='grc' dir='ltr'>Τᾷ</span> <span class='ocrx_word' id='word_1_47' title='bbox 1233 1218 1438 1282; x_wconf 76' lang='grc' dir='ltr'>τυχόντι</span> <span class='ocrx_word' id='word_1_48' title='bbox 1478 1222 1574 1269; x_wconf 68' lang='lat' dir='ltr'>riis·</span> 
     </span>
     <span class='ocr_line' id='line_1_11' title="bbox 508 1294 1572 1362; baseline 0.002 -18"><span class='ocrx_word' id='word_1_49' title='bbox 508 1294 806 1358; x_wconf 73' lang='grc' dir='ltr'><strong><em>εὖπατριδῶν.</em></strong></span> <span class='ocrx_word' id='word_1_50' title='bbox 847 1297 1080 1347; x_wconf 72' lang='lat' dir='ltr'>Muretus.</span> <span class='ocrx_word' id='word_1_51' title='bbox 1135 1299 1305 1347; x_wconf 82' lang='lat' dir='ltr'>Recte</span> <span class='ocrx_word' id='word_1_52' title='bbox 1324 1312 1466 1360; x_wconf 84' lang='lat' dir='ltr'>vero,</span> <span class='ocrx_word' id='word_1_53' title='bbox 1485 1296 1572 1362; x_wconf 88' lang='lat' dir='ltr'>qui</span> 
     </span>
     <span class='ocr_line' id='line_1_12' title="bbox 507 1372 1575 1425; baseline 0.004 -4"><span class='ocrx_word' id='word_1_54' title='bbox 507 1372 813 1422; x_wconf 84' lang='lat' dir='ltr'>vocabulum</span> <span class='ocrx_word' id='word_1_55' title='bbox 834 1374 1003 1423; x_wconf 76' lang='lat' dir='ltr'>nobilis</span> <span class='ocrx_word' id='word_1_56' title='bbox 1023 1375 1364 1425; x_wconf 88' lang='lat' dir='ltr'>retinuerunt.</span> <span class='ocrx_word' id='word_1_57' title='bbox 1423 1376 1575 1425; x_wconf 86' lang='lat' dir='ltr'>Sicut</span> 
     </span>
     <span class='ocr_line' id='line_1_13' title="bbox 508 1448 1572 1516; baseline 0.003 -18"><span class='ocrx_word' id='word_1_58' title='bbox 508 1448 643 1498; x_wconf 88' lang='lat' dir='ltr'>enim</span> <span class='ocrx_word' id='word_1_59' title='bbox 681 1464 817 1499; x_wconf 91' lang='lat' dir='ltr'>nunc</span> <span class='ocrx_word' id='word_1_60' title='bbox 856 1451 1009 1514; x_wconf 83' lang='lat' dir='ltr'>longe</span> <span class='ocrx_word' id='word_1_61' title='bbox 1049 1450 1266 1501; x_wconf 88' lang='lat' dir='ltr'>inferior</span> <span class='ocrx_word' id='word_1_62' title='bbox 1298 1458 1379 1501; x_wconf 82' lang='lat' dir='ltr'>est</span> <span class='ocrx_word' id='word_1_63' title='bbox 1416 1467 1572 1516; x_wconf 82' lang='lat' dir='ltr'>quem</span> 
     </span>
     <span class='ocr_line' id='line_1_14' title="bbox 507 1527 1574 1594; baseline 0.002 -18"><span class='ocrx_word' id='word_1_64' title='bbox 507 1527 708 1577; x_wconf 70' lang='lat' dir='ltr'>nobilem</span> <span class='ocrx_word' id='word_1_65' title='bbox 729 1535 938 1590; x_wconf 88' lang='lat' dir='ltr'>vocant,</span> <span class='ocrx_word' id='word_1_66' title='bbox 957 1542 1106 1592; x_wconf 87' lang='lat' dir='ltr'>quam</span> <span class='ocrx_word' id='word_1_67' title='bbox 1131 1529 1219 1594; x_wconf 90' lang='lat' dir='ltr'>qui</span> <span class='ocrx_word' id='word_1_68' title='bbox 1239 1529 1574 1578; x_wconf 71' lang='lat' dir='ltr'>Gentithsom</span> 
     </span>
     <span class='ocr_line' id='line_1_15' title="bbox 509 1604 1570 1668; baseline 0.002 -16"><span class='ocrx_word' id='word_1_69' title='bbox 509 1609 781 1663; x_wconf 77' lang='lat' dir='ltr'>censetur3</span> <span class='ocrx_word' id='word_1_70' title='bbox 813 1604 890 1654; x_wconf 86' lang='lat' dir='ltr'>ita</span> <span class='ocrx_word' id='word_1_71' title='bbox 928 1606 1184 1668; x_wconf 77' lang='lat' dir='ltr'>quondam</span> <span class='ocrx_word' id='word_1_72' title='bbox 1219 1612 1405 1655; x_wconf 84' lang='lat' dir='ltr'>contra</span> <span class='ocrx_word' id='word_1_73' title='bbox 1435 1604 1570 1655; x_wconf 83' lang='lat' dir='ltr'>fuit:</span> 
     </span>
     <span class='ocr_line' id='line_1_16' title="bbox 507 1681 1576 1745; baseline 0.004 -18"><span class='ocrx_word' id='word_1_74' title='bbox 507 1693 676 1742; x_wconf 88' lang='lat' dir='ltr'>neque</span> <span class='ocrx_word' id='word_1_75' title='bbox 720 1681 985 1745; x_wconf 84' lang='lat' dir='ltr'>quisquam</span> <span class='ocrx_word' id='word_1_76' title='bbox 1026 1682 1234 1732; x_wconf 89' lang='lat' dir='ltr'>habitus</span> <span class='ocrx_word' id='word_1_77' title='bbox 1286 1690 1366 1733; x_wconf 87' lang='lat' dir='ltr'>est</span> <span class='ocrx_word' id='word_1_78' title='bbox 1406 1682 1576 1731; x_wconf 74' lang='lat' dir='ltr'>nobilis</span> 
     </span>
     <span class='ocr_line' id='line_1_17' title="bbox 509 1758 1576 1823; baseline 0.004 -18"><span class='ocrx_word' id='word_1_79' title='bbox 509 1764 707 1820; x_wconf 81' lang='lat' dir='ltr'>praeter</span> <span class='ocrx_word' id='word_1_80' title='bbox 742 1758 1113 1809; x_wconf 83' lang='lat' dir='ltr'>illustrissimos</span> <span class='ocrx_word' id='word_1_81' title='bbox 1145 1767 1201 1810; x_wconf 92' lang='lat' dir='ltr'>et</span> <span class='ocrx_word' id='word_1_82' title='bbox 1233 1762 1375 1823; x_wconf 73' lang='lat' dir='ltr'>longa</span> <span class='ocrx_word' id='word_1_83' title='bbox 1408 1762 1576 1809; x_wconf 79' lang='lat' dir='ltr'>decora</span> 
     </span>
     <span class='ocr_line' id='line_1_18' title="bbox 504 1831 1576 1896; baseline 0.007 -16"><span class='ocrx_word' id='word_1_84' title='bbox 504 1831 830 1896; x_wconf 60' lang='lat' dir='ltr'>preferentes,</span> <span class='ocrx_word' id='word_1_85' title='bbox 867 1842 928 1885; x_wconf 90' lang='lat' dir='ltr'>ut</span> <span class='ocrx_word' id='word_1_86' title='bbox 965 1850 1053 1886; x_wconf 88' lang='lat' dir='ltr'>eos</span> <span class='ocrx_word' id='word_1_87' title='bbox 1089 1835 1344 1893; x_wconf 77' lang='lat' dir='ltr'>describit</span> <span class='ocrx_word' id='word_1_88' title='bbox 1375 1837 1576 1887; x_wconf 88' lang='lat' dir='ltr'>Seneca</span> 
     </span>
     <span class='ocr_line' id='line_1_19' title="bbox 510 1910 1542 1974; baseline 0.005 -15"><span class='ocrx_word' id='word_1_89' title='bbox 510 1910 650 1974; x_wconf 84' lang='lat' dir='ltr'>apud</span> <span class='ocrx_word' id='word_1_90' title='bbox 671 1918 903 1962; x_wconf 89' lang='lat' dir='ltr'>nostrum</span> <span class='ocrx_word' id='word_1_91' title='bbox 922 1925 1039 1962; x_wconf 76' lang='lat' dir='ltr'>xiv.</span> <span class='ocrx_word' id='word_1_92' title='bbox 1056 1918 1141 1963; x_wconf 69' lang='lat'>58.</span> <span class='ocrx_word' id='word_1_93' title='bbox 1175 1914 1542 1964; x_wconf 65' lang='lat' dir='ltr'>Freinshemius.</span> 
     </span>
    </p>

    <p class='ocr_par' dir='ltr' id='par_1_3' title="bbox 511 1988 1576 2123">
     <span class='ocr_line' id='line_1_20' title="bbox 567 1988 1576 2057; baseline -0.001 -14"><span class='ocrx_word' id='word_1_94' title='bbox 567 1988 759 2043; x_wconf 71' lang='lat' dir='ltr'>Quanto</span> <span class='ocrx_word' id='word_1_95' title='bbox 790 1990 967 2054; x_wconf 77' lang='lat' dir='ltr'>primu]</span> <span class='ocrx_word' id='word_1_96' title='bbox 1034 1992 1355 2055; x_wconf 79' lang='lat' dir='ltr'>Legendum,</span> <span class='ocrx_word' id='word_1_97' title='bbox 1375 1995 1576 2057; x_wconf 71' lang='lat' dir='ltr'>quando,</span> 
     </span>
     <span class='ocr_line' id='line_1_21' title="bbox 511 2062 967 2123; baseline 0.011 -12"><span class='ocrx_word' id='word_1_98' title='bbox 511 2062 690 2123; x_wconf 72' lang='grc' dir='ltr'>ἐπειδή.</span> <span class='ocrx_word' id='word_1_99' title='bbox 726 2066 967 2117; x_wconf 60' lang='lat' dir='ltr'>Murena.</span> 
     </span>
    </p>

    <p class='ocr_par' dir='ltr' id='par_1_4' title="bbox 508 2140 1580 4257">
     <span class='ocr_line' id='line_1_22' title="bbox 561 2140 1575 2211; baseline 0.007 -21"><span class='ocrx_word' id='word_1_100' title='bbox 561 2140 911 2206; x_wconf 78' lang='lat' dir='ltr'>Nonfratrem]</span> <span class='ocrx_word' id='word_1_101' title='bbox 932 2145 1186 2211; x_wconf 83' lang='lat' dir='ltr'>Drusum:</span> <span class='ocrx_word' id='word_1_102' title='bbox 1213 2147 1575 2197; x_wconf 85' lang='lat' dir='ltr'>namdeClau·</span> 
     </span>
     <span class='ocr_line' id='line_1_23' title="bbox 510 2216 1578 2288; baseline 0.005 -21"><span class='ocrx_word' id='word_1_103' title='bbox 510 2216 600 2267; x_wconf 88' lang='lat' dir='ltr'>dio</span> <span class='ocrx_word' id='word_1_104' title='bbox 621 2220 708 2268; x_wconf 83' lang='lat' dir='ltr'>vix</span> <span class='ocrx_word' id='word_1_105' title='bbox 748 2221 1063 2283; x_wconf 82' lang='lat' dir='ltr'><strong>cogitabant,</strong></span> <span class='ocrx_word' id='word_1_106' title='bbox 1086 2232 1236 2288; x_wconf 84' lang='lat' dir='ltr'>quem</span> <span class='ocrx_word' id='word_1_107' title='bbox 1271 2223 1325 2272; x_wconf 87' lang='lat' dir='ltr'>in</span> <span class='ocrx_word' id='word_1_108' title='bbox 1359 2223 1578 2287; x_wconf 87' lang='lat' dir='ltr'>pecudis</span> 
     </span>
     <span class='ocr_line' id='line_1_24' title="bbox 511 2296 1576 2362; baseline 0.006 -19"><span class='ocrx_word' id='word_1_109' title='bbox 511 2308 676 2357; x_wconf 82' lang='lat' dir='ltr'>prope</span> <span class='ocrx_word' id='word_1_110' title='bbox 696 2296 869 2359; x_wconf 89' lang='lat' dir='ltr'>potius</span> <span class='ocrx_word' id='word_1_111' title='bbox 883 2312 1034 2362; x_wconf 83' lang='lat' dir='ltr'>quam</span> <span class='ocrx_word' id='word_1_112' title='bbox 1054 2298 1271 2348; x_wconf 85' lang='lat' dir='ltr'>hominis</span> <span class='ocrx_word' id='word_1_113' title='bbox 1287 2300 1402 2349; x_wconf 91' lang='lat' dir='ltr'>loco</span> <span class='ocrx_word' id='word_1_114' title='bbox 1418 2299 1576 2349; x_wconf 86' lang='lat' dir='ltr'>habe-</span> 
     </span>
     <span class='ocr_line' id='line_1_25' title="bbox 508 2371 1574 2439; baseline 0.005 -18"><span class='ocrx_word' id='word_1_115' title='bbox 508 2371 656 2433; x_wconf 87' lang='lat' dir='ltr'>bant,</span> <span class='ocrx_word' id='word_1_116' title='bbox 677 2379 735 2422; x_wconf 90' lang='lat' dir='ltr'>et</span> <span class='ocrx_word' id='word_1_117' title='bbox 758 2373 994 2425; x_wconf 76' lang='lat' dir='ltr'>sciebant</span> <span class='ocrx_word' id='word_1_118' title='bbox 1022 2389 1120 2425; x_wconf 88' lang='lat' dir='ltr'>nou</span> <span class='ocrx_word' id='word_1_119' title='bbox 1145 2376 1373 2438; x_wconf 85' lang='lat' dir='ltr'>potuisse</span> <span class='ocrx_word' id='word_1_120' title='bbox 1398 2390 1494 2439; x_wconf 89' lang='lat' dir='ltr'>per</span> <span class='ocrx_word' id='word_1_121' title='bbox 1518 2391 1574 2426; x_wconf 89' lang='lat' dir='ltr'>se</span> 
     </span>
     <span class='ocr_line' id='line_1_26' title="bbox 511 2449 1578 2515; baseline 0.005 -17"><span class='ocrx_word' id='word_1_122' title='bbox 511 2449 716 2513; x_wconf 82' lang='lat' dir='ltr'>longius</span> <span class='ocrx_word' id='word_1_123' title='bbox 755 2452 1019 2515; x_wconf 82' lang='lat' dir='ltr'>progredi,</span> <span class='ocrx_word' id='word_1_124' title='bbox 1052 2467 1170 2501; x_wconf 86' lang='lat' dir='ltr'>cum</span> <span class='ocrx_word' id='word_1_125' title='bbox 1198 2453 1275 2503; x_wconf 88' lang='lat' dir='ltr'>ita</span> <span class='ocrx_word' id='word_1_126' title='bbox 1296 2452 1578 2504; x_wconf 80' lang='lat' dir='ltr'>duceretur</span> 
     </span>
     <span class='ocr_line' id='line_1_27' title="bbox 513 2526 1576 2593; baseline 0.004 -18"><span class='ocrx_word' id='word_1_127' title='bbox 513 2539 546 2575; x_wconf 88' lang='lat' dir='ltr'>a</span> <span class='ocrx_word' id='word_1_128' title='bbox 568 2526 765 2589; x_wconf 84' lang='lat' dir='ltr'>Druso,</span> <span class='ocrx_word' id='word_1_129' title='bbox 786 2534 845 2577; x_wconf 91' lang='lat' dir='ltr'>ut</span> <span class='ocrx_word' id='word_1_130' title='bbox 865 2529 1037 2578; x_wconf 81' lang='lat' dir='ltr'>nervis</span> <span class='ocrx_word' id='word_1_131' title='bbox 1066 2530 1250 2578; x_wconf 83' lang='lat' dir='ltr'>alienis</span> <span class='ocrx_word' id='word_1_132' title='bbox 1270 2528 1460 2579; x_wconf 78' lang='lat' dir='ltr'>mobile</span> <span class='ocrx_word' id='word_1_133' title='bbox 1481 2530 1576 2593; x_wconf 77' lang='lat' dir='ltr'>lig·</span> 
     </span>
     <span class='ocr_line' id='line_1_28' title="bbox 510 2604 1576 2667; baseline 0.008 -18"><span class='ocrx_word' id='word_1_134' title='bbox 510 2615 653 2663; x_wconf 87' lang='lat' dir='ltr'>num,</span> <span class='ocrx_word' id='word_1_135' title='bbox 691 2610 747 2652; x_wconf 91' lang='lat' dir='ltr'>et</span> <span class='ocrx_word' id='word_1_136' title='bbox 787 2604 925 2653; x_wconf 85' lang='lat' dir='ltr'>inter</span> <span class='ocrx_word' id='word_1_137' title='bbox 964 2606 1094 2655; x_wconf 62' lang='lat' dir='ltr'>aulas</span> <span class='ocrx_word' id='word_1_138' title='bbox 1135 2606 1371 2667; x_wconf 84' lang='lat' dir='ltr'>ludibria,</span> <span class='ocrx_word' id='word_1_139' title='bbox 1407 2614 1466 2657; x_wconf 89' lang='lat' dir='ltr'>ut</span> <span class='ocrx_word' id='word_1_140' title='bbox 1502 2608 1576 2657; x_wconf 87' lang='lat' dir='ltr'>ait</span> 
     </span>
     <span class='ocr_line' id='line_1_29' title="bbox 512 2677 1578 2745; baseline 0.008 -19"><span class='ocrx_word' id='word_1_141' title='bbox 512 2677 809 2742; x_wconf 86' lang='lat' dir='ltr'>Suetonius,</span> <span class='ocrx_word' id='word_1_142' title='bbox 824 2680 1122 2745; x_wconf 86' lang='lat' dir='ltr'>haberetur,</span> <span class='ocrx_word' id='word_1_143' title='bbox 1137 2683 1222 2731; x_wconf 84' lang='lat' dir='ltr'>cui</span> <span class='ocrx_word' id='word_1_144' title='bbox 1241 2684 1317 2732; x_wconf 92' lang='lat' dir='ltr'>rei</span> <span class='ocrx_word' id='word_1_145' title='bbox 1337 2685 1476 2733; x_wconf 88' lang='lat' dir='ltr'>aliud</span> <span class='ocrx_word' id='word_1_146' title='bbox 1500 2700 1578 2734; x_wconf 84' lang='lat' dir='ltr'>ar·</span> 
     </span>
     <span class='ocr_line' id='line_1_30' title="bbox 512 2759 1575 2823; baseline 0.008 -20"><span class='ocrx_word' id='word_1_147' title='bbox 512 2762 807 2816; x_wconf 73' lang='lat' dir='ltr'>gumentum</span> <span class='ocrx_word' id='word_1_148' title='bbox 863 2759 1018 2820; x_wconf 88' lang='lat' dir='ltr'>paulo</span> <span class='ocrx_word' id='word_1_149' title='bbox 1074 2764 1193 2821; x_wconf 90' lang='lat' dir='ltr'>post</span> <span class='ocrx_word' id='word_1_150' title='bbox 1245 2761 1575 2823; x_wconf 74' lang='lat' dir='ltr'>reperiemus.</span> 
     </span>
     <span class='ocr_line' id='line_1_31' title="bbox 511 2831 1578 2894; baseline 0.01 -16"><span class='ocrx_word' id='word_1_151' title='bbox 511 2831 749 2881; x_wconf 75' lang='lat' dir='ltr'>Muretus.</span> <span class='ocrx_word' id='word_1_152' title='bbox 787 2833 904 2881; x_wconf 90' lang='lat' dir='ltr'>Non</span> <span class='ocrx_word' id='word_1_153' title='bbox 928 2834 1023 2894; x_wconf 90' lang='lat' dir='ltr'>sui,</span> <span class='ocrx_word' id='word_1_154' title='bbox 1060 2849 1166 2883; x_wconf 87' lang='lat' dir='ltr'>non</span> <span class='ocrx_word' id='word_1_155' title='bbox 1198 2836 1428 2887; x_wconf 68' lang='lat' dir='ltr'>historias</span> <span class='ocrx_word' id='word_1_156' title='bbox 1450 2840 1578 2889; x_wconf 89' lang='lat' dir='ltr'>obli·</span> 
     </span>
     <span class='ocr_line' id='line_1_32' title="bbox 510 2905 1578 2979; baseline 0.009 -24"><span class='ocrx_word' id='word_1_157' title='bbox 510 2905 729 2957; x_wconf 81' lang='lat' dir='ltr'>viscitur</span> <span class='ocrx_word' id='word_1_158' title='bbox 747 2916 943 2970; x_wconf 89' lang='lat' dir='ltr'>noster,</span> <span class='ocrx_word' id='word_1_159' title='bbox 967 2909 1060 2959; x_wconf 87' lang='lat' dir='ltr'>sed</span> <span class='ocrx_word' id='word_1_160' title='bbox 1087 2911 1259 2974; x_wconf 59' lang='lat' dir='ltr'>-primo</span> <span class='ocrx_word' id='word_1_161' title='bbox 1281 2913 1397 2962; x_wconf 90' lang='lat' dir='ltr'>loco</span> <span class='ocrx_word' id='word_1_162' title='bbox 1416 2915 1578 2979; x_wconf 81' lang='lat' dir='ltr'>loqui·</span> 
     </span>
     <span class='ocr_line' id='line_1_33' title="bbox 512 2986 1578 3049; baseline 0.009 -17"><span class='ocrx_word' id='word_1_163' title='bbox 512 2988 600 3033; x_wconf 86' lang='lat' dir='ltr'>tur</span> <span class='ocrx_word' id='word_1_164' title='bbox 638 2990 697 3033; x_wconf 91' lang='lat' dir='ltr'>ut</span> <span class='ocrx_word' id='word_1_165' title='bbox 734 2986 1026 3047; x_wconf 84' lang='lat' dir='ltr'>historicus,</span> <span class='ocrx_word' id='word_1_166' title='bbox 1071 2989 1356 3049; x_wconf 79' lang='lat' dir='ltr'>posteriore</span> <span class='ocrx_word' id='word_1_167' title='bbox 1411 2992 1578 3041; x_wconf 87' lang='lat' dir='ltr'>vicem</span> 
     </span>
     <span class='ocr_line' id='line_1_34' title="bbox 513 3059 1576 3132; baseline 0.011 -25"><span class='ocrx_word' id='word_1_168' title='bbox 513 3059 649 3123; x_wconf 77' lang='lat' dir='ltr'>gerit</span> <span class='ocrx_word' id='word_1_169' title='bbox 694 3074 891 3123; x_wconf 88' lang='lat' dir='ltr'>eorum,</span> <span class='ocrx_word' id='word_1_170' title='bbox 932 3063 1020 3126; x_wconf 89' lang='lat' dir='ltr'>qui</span> <span class='ocrx_word' id='word_1_171' title='bbox 1053 3063 1317 3115; x_wconf 84' lang='lat' dir='ltr'>Tiberium</span> <span class='ocrx_word' id='word_1_172' title='bbox 1349 3069 1576 3132; x_wconf 80' lang='lat' dir='ltr'>maligne</span> 
     </span>
     <span class='ocr_line' id='line_1_35' title="bbox 512 3138 1580 3202; baseline 0.009 -17"><span class='ocrx_word' id='word_1_173' title='bbox 512 3142 757 3199; x_wconf 82' lang='lat' dir='ltr'>carpunt,</span> <span class='ocrx_word' id='word_1_174' title='bbox 799 3151 992 3202; x_wconf 86' lang='lat' dir='ltr'>suaque</span> <span class='ocrx_word' id='word_1_175' title='bbox 1032 3138 1085 3188; x_wconf 94' lang='lat' dir='ltr'>id</span> <span class='ocrx_word' id='word_1_176' title='bbox 1122 3139 1252 3190; x_wconf 85' lang='lat' dir='ltr'>facit</span> <span class='ocrx_word' id='word_1_177' title='bbox 1289 3143 1387 3194; x_wconf 87' lang='lat' dir='ltr'>sibi</span> <span class='ocrx_word' id='word_1_178' title='bbox 1426 3145 1580 3195; x_wconf 82' lang='lat' dir='ltr'>solita</span> 
     </span>
     <span class='ocr_line' id='line_1_36' title="bbox 513 3212 1578 3283; baseline 0.008 -22"><span class='ocrx_word' id='word_1_179' title='bbox 513 3212 725 3283; x_wconf 67' lang='lat' dir='ltr'>obliqua</span> <span class='ocrx_word' id='word_1_180' title='bbox 744 3215 999 3266; x_wconf 86' lang='lat' dir='ltr'>oratione.</span> <span class='ocrx_word' id='word_1_181' title='bbox 1064 3216 1466 3271; x_wconf 77' lang='lat' dir='ltr'>obtrectatores</span> <span class='ocrx_word' id='word_1_182' title='bbox 1489 3236 1578 3270; x_wconf 87' lang='lat' dir='ltr'>au·</span> 
     </span>
     <span class='ocr_line' id='line_1_37' title="bbox 513 3291 1575 3358; baseline 0.008 -20"><span class='ocrx_word' id='word_1_183' title='bbox 513 3297 621 3343; x_wconf 87' lang='lat' dir='ltr'>tem</span> <span class='ocrx_word' id='word_1_184' title='bbox 659 3305 725 3340; x_wconf 86' lang='lat' dir='ltr'>ea</span> <span class='ocrx_word' id='word_1_185' title='bbox 763 3291 830 3341; x_wconf 89' lang='lat' dir='ltr'>de</span> <span class='ocrx_word' id='word_1_186' title='bbox 861 3307 1016 3341; x_wconf 79' lang='lat' dir='ltr'>causa</span> <span class='ocrx_word' id='word_1_187' title='bbox 1043 3292 1109 3341; x_wconf 90' lang='lat' dir='ltr'>de</span> <span class='ocrx_word' id='word_1_188' title='bbox 1131 3293 1349 3345; x_wconf 87' lang='lat' dir='ltr'>Claudio</span> <span class='ocrx_word' id='word_1_189' title='bbox 1387 3296 1575 3358; x_wconf 78' lang='lat' dir='ltr'>sileut3</span> 
     </span>
     <span class='ocr_line' id='line_1_38' title="bbox 513 3365 1576 3432; baseline 0.008 -19"><span class='ocrx_word' id='word_1_190' title='bbox 513 3365 652 3430; x_wconf 89' lang='lat' dir='ltr'>quod</span> <span class='ocrx_word' id='word_1_191' title='bbox 693 3373 811 3417; x_wconf 87' lang='lat' dir='ltr'>erat</span> <span class='ocrx_word' id='word_1_192' title='bbox 847 3368 1145 3432; x_wconf 84' lang='lat' dir='ltr'>despectus,</span> <span class='ocrx_word' id='word_1_193' title='bbox 1181 3377 1237 3418; x_wconf 88' lang='lat' dir='ltr'>et</span> <span class='ocrx_word' id='word_1_194' title='bbox 1274 3372 1410 3420; x_wconf 92' lang='lat' dir='ltr'>inter</span> <span class='ocrx_word' id='word_1_195' title='bbox 1444 3373 1576 3422; x_wconf 73' lang='lat' dir='ltr'>aulae</span> 
     </span>
     <span class='ocr_line' id='line_1_39' title="bbox 512 3441 1578 3508; baseline 0.007 -18"><span class='ocrx_word' id='word_1_196' title='bbox 512 3441 753 3504; x_wconf 84' lang='lat' dir='ltr'>ludibria,</span> <span class='ocrx_word' id='word_1_197' title='bbox 777 3445 911 3492; x_wconf 90' lang='lat' dir='ltr'>unde</span> <span class='ocrx_word' id='word_1_198' title='bbox 950 3460 1128 3508; x_wconf 85' lang='lat' dir='ltr'>parum</span> <span class='ocrx_word' id='word_1_199' title='bbox 1161 3447 1353 3497; x_wconf 83' lang='lat' dir='ltr'>nihilve</span> <span class='ocrx_word' id='word_1_200' title='bbox 1375 3448 1578 3497; x_wconf 84' lang='lat' dir='ltr'>decoris</span> 
     </span>
     <span class='ocr_line' id='line_1_40' title="bbox 516 3518 1575 3586; baseline 0.006 -18"><span class='ocrx_word' id='word_1_201' title='bbox 516 3518 867 3569; x_wconf 82' lang='lat' dir='ltr'>Germanico:</span> <span class='ocrx_word' id='word_1_202' title='bbox 903 3521 998 3572; x_wconf 82' lang='lat' dir='ltr'>nisi</span> <span class='ocrx_word' id='word_1_203' title='bbox 1022 3520 1162 3571; x_wconf 86' lang='lat' dir='ltr'>forte</span> <span class='ocrx_word' id='word_1_204' title='bbox 1185 3523 1459 3573; x_wconf 88' lang='lat' dir='ltr'>Claudium</span> <span class='ocrx_word' id='word_1_205' title='bbox 1481 3539 1575 3586; x_wconf 90' lang='lat' dir='ltr'>pu·</span> 
     </span>
     <span class='ocr_line' id='line_1_41' title="bbox 513 3594 1575 3664; baseline 0.005 -21"><span class='ocrx_word' id='word_1_206' title='bbox 513 3600 597 3643; x_wconf 79' lang='lat' dir='ltr'>tas</span> <span class='ocrx_word' id='word_1_207' title='bbox 621 3594 689 3644; x_wconf 83' lang='lat' dir='ltr'>ab</span> <span class='ocrx_word' id='word_1_208' title='bbox 712 3611 774 3645; x_wconf 89' lang='lat' dir='ltr'>eo</span> <span class='ocrx_word' id='word_1_209' title='bbox 795 3598 1100 3647; x_wconf 84' lang='lat' dir='ltr'>moribundo</span> <span class='ocrx_word' id='word_1_210' title='bbox 1114 3599 1192 3647; x_wconf 87' lang='lat' dir='ltr'>his</span> <span class='ocrx_word' id='word_1_211' title='bbox 1214 3599 1385 3651; x_wconf 86' lang='lat' dir='ltr'>verbis</span> <span class='ocrx_word' id='word_1_212' title='bbox 1407 3599 1575 3664; x_wconf 81' lang='lat' dir='ltr'>desig-</span> 
     </span>
     <span class='ocr_line' id='line_1_42' title="bbox 514 3671 1574 3726; baseline 0.004 -4"><span class='ocrx_word' id='word_1_213' title='bbox 514 3678 691 3722; x_wconf 82' lang='lat' dir='ltr'>natum</span> <span class='ocrx_word' id='word_1_214' title='bbox 711 3671 870 3721; x_wconf 82' lang='lat' dir='ltr'>fuisse</span> <span class='ocrx_word' id='word_1_215' title='bbox 894 3673 1030 3724; x_wconf 82' lang='lat' dir='ltr'>Aun.</span> <span class='ocrx_word' id='word_1_216' title='bbox 1063 3674 1154 3722; x_wconf 87' lang='lat' dir='ltr'>lib.</span> <span class='ocrx_word' id='word_1_217' title='bbox 1177 3689 1239 3724; x_wconf 79' lang='grc' dir='ltr'>ιι.</span> <span class='ocrx_word' id='word_1_218' title='bbox 1275 3679 1288 3702; x_wconf 91' lang='lat'>‘</span> <span class='ocrx_word' id='word_1_219' title='bbox 1316 3672 1574 3726; x_wconf 72' lang='lat' dir='ltr'>Reseratis</span> 
     </span>
     <span class='ocr_line' id='line_1_43' title="bbox 514 3747 1576 3814; baseline 0.005 -18"><span class='ocrx_word' id='word_1_220' title='bbox 514 3748 653 3811; x_wconf 87' lang='lat' dir='ltr'>patri</span> <span class='ocrx_word' id='word_1_221' title='bbox 683 3763 744 3798; x_wconf 89' lang='lat' dir='ltr'>ac</span> <span class='ocrx_word' id='word_1_222' title='bbox 782 3747 949 3812; x_wconf 87' lang='lat' dir='ltr'>fratri,</span> <span class='ocrx_word' id='word_1_223' title='bbox 972 3750 1158 3814; x_wconf 86' lang='lat' dir='ltr'>quibus</span> <span class='ocrx_word' id='word_1_224' title='bbox 1198 3748 1576 3801; x_wconf 71' lang='lat' dir='ltr'>acerbitatibus</span> 
     </span>
     <span class='ocr_line' id='line_1_44' title="bbox 512 3823 1575 3889; baseline 0.001 -17"><span class='ocrx_word' id='word_1_225' title='bbox 512 3823 843 3889; x_wconf 86' lang='lat' dir='ltr'>dilaceratus,</span> <span class='ocrx_word' id='word_1_226' title='bbox 879 3826 1066 3889; x_wconf 87' lang='lat' dir='ltr'>quibus</span> <span class='ocrx_word' id='word_1_227' title='bbox 1119 3826 1314 3874; x_wconf 79' lang='lat' dir='ltr'>insidiis</span> <span class='ocrx_word' id='word_1_228' title='bbox 1357 3826 1575 3881; x_wconf 80' lang='lat' dir='ltr'>circum.</span> 
     </span>
     <span class='ocr_line' id='line_1_45' title="bbox 513 3902 1577 3964; baseline 0.003 -15"><span class='ocrx_word' id='word_1_229' title='bbox 513 3907 695 3950; x_wconf 83' lang='lat' dir='ltr'>ventus</span> <span class='ocrx_word' id='word_1_230' title='bbox 751 3904 1084 3951; x_wconf 82' lang='lat' dir='ltr'>miserrimam</span> <span class='ocrx_word' id='word_1_231' title='bbox 1140 3902 1299 3949; x_wconf 84' lang='lat' dir='ltr'>vitam</span> <span class='ocrx_word' id='word_1_232' title='bbox 1355 3903 1577 3964; x_wconf 85' lang='lat' dir='ltr'>pessima</span> 
     </span>
     <span class='ocr_line' id='line_1_46' title="bbox 511 3976 1575 4030; baseline 0.004 -4"><span class='ocrx_word' id='word_1_233' title='bbox 511 3987 679 4027; x_wconf 83' lang='lat' dir='ltr'>morte</span> <span class='ocrx_word' id='word_1_234' title='bbox 721 3978 976 4027; x_wconf 61' lang='lat' dir='ltr'>finierim!</span> <span class='ocrx_word' id='word_1_235' title='bbox 1045 3976 1215 4029; x_wconf 81' lang='lat' dir='ltr'>Iidem</span> <span class='ocrx_word' id='word_1_236' title='bbox 1258 3990 1359 4025; x_wconf 91' lang='lat' dir='ltr'>non</span> <span class='ocrx_word' id='word_1_237' title='bbox 1405 3985 1575 4030; x_wconf 85' lang='lat' dir='ltr'>tamen</span> 
     </span>
     <span class='ocr_line' id='line_1_47' title="bbox 515 4052 1578 4109; baseline 0.003 -7"><span class='ocrx_word' id='word_1_238' title='bbox 515 4052 743 4102; x_wconf 83' lang='lat' dir='ltr'>Drusum</span> <span class='ocrx_word' id='word_1_239' title='bbox 764 4054 1135 4109; x_wconf 79' lang='lat' dir='ltr'>transmittunt,</span> <span class='ocrx_word' id='word_1_240' title='bbox 1168 4053 1321 4102; x_wconf 90' lang='lat' dir='ltr'>immo</span> <span class='ocrx_word' id='word_1_241' title='bbox 1340 4067 1406 4102; x_wconf 82' lang='lat' dir='ltr'>ex</span> <span class='ocrx_word' id='word_1_242' title='bbox 1426 4057 1578 4106; x_wconf 89' lang='lat' dir='ltr'>modo</span> 
     </span>
     <span class='ocr_line' id='line_1_48' title="bbox 515 4126 1578 4190; baseline 0 -16"><span class='ocrx_word' id='word_1_243' title='bbox 515 4126 632 4189; x_wconf 81' lang='lat' dir='ltr'>ejus</span> <span class='ocrx_word' id='word_1_244' title='bbox 652 4142 911 4190; x_wconf 87' lang='lat' dir='ltr'>occursus,</span> <span class='ocrx_word' id='word_1_245' title='bbox 944 4127 1144 4176; x_wconf 87' lang='lat' dir='ltr'>Tiberii</span> <span class='ocrx_word' id='word_1_246' title='bbox 1184 4126 1427 4177; x_wconf 86' lang='lat' dir='ltr'>adversus</span> <span class='ocrx_word' id='word_1_247' title='bbox 1448 4130 1578 4180; x_wconf 84' lang='lat' dir='ltr'>Ger.</span> 
     </span>
     <span class='ocr_line' id='line_1_49' title="bbox 514 4201 1580 4257; baseline 0.003 -2"><span class='ocrx_word' id='word_1_248' title='bbox 514 4201 770 4255; x_wconf 71' lang='lat' dir='ltr'>micum</span> <span class='ocrx_word' id='word_1_249' title='bbox 796 4204 1113 4254; x_wconf 73' lang='lat' dir='ltr'>simultatem</span> <span class='ocrx_word' id='word_1_250' title='bbox 1136 4214 1192 4252; x_wconf 89' lang='lat' dir='ltr'>et</span> <span class='ocrx_word' id='word_1_251' title='bbox 1210 4204 1453 4256; x_wconf 83' lang='lat' dir='ltr'>invidiam</span> <span class='ocrx_word' id='word_1_252' title='bbox 1476 4221 1580 4257; x_wconf 88' lang='lat' dir='ltr'>me-</span> 
     </span>
    </p>
   </div>
   <div class='ocr_carea' id='block_1_2' title="bbox 515 4276 1581 4336">
    <p class='ocr_par' dir='ltr' id='par_1_5' title="bbox 515 4276 1581 4336">
     <span class='ocr_line' id='line_1_50' title="bbox 515 4276 1581 4336; baseline 0.009 -9"><span class='ocrx_word' id='word_1_253' title='bbox 515 4276 735 4328; x_wconf 78' lang='lat' dir='ltr'>tiuntur.</span> <span class='ocrx_word' id='word_1_254' title='bbox 787 4276 956 4333; x_wconf 75' lang='lat' dir='ltr'>Quam</span> <span class='ocrx_word' id='word_1_255' title='bbox 979 4284 1154 4330; x_wconf 85' lang='lat' dir='ltr'>autem</span> <span class='ocrx_word' id='word_1_256' title='bbox 1170 4279 1419 4333; x_wconf 83' lang='lat' dir='ltr'>Claudius</span> <span class='ocrx_word' id='word_1_257' title='bbox 1442 4283 1581 4336; x_wconf 74' lang='lat' dir='ltr'>vixe-</span> 
     </span>
    </p>
   </div>
   <div class='ocr_carea' id='block_1_3' title="bbox 1213 375 2006 429">
    <p class='ocr_par' dir='ltr' id='par_1_6' title="bbox 1213 375 2006 429">
     <span class='ocr_line' id='line_1_51' title="bbox 1213 375 2006 429; baseline -0.001 -1"><span class='ocrx_word' id='word_1_258' title='bbox 1213 378 1432 429; x_wconf 65' lang='lat' dir='ltr'>NOTAE</span> <span class='ocrx_word' id='word_1_259' title='bbox 1474 377 1810 428; x_wconf 74' lang='lat' dir='ltr'>VAmoRu</span> <span class='ocrx_word' id='word_1_260' title='bbox 1823 377 1877 425; x_wconf 80' lang='lat' dir='ltr'>M</span> <span class='ocrx_word' id='word_1_261' title='bbox 1924 375 2006 427; x_wconf 72' lang='lat' dir='ltr'>IN</span> 
     </span>
    </p>
   </div>
   <div class='ocr_carea' id='block_1_4' title="bbox 1644 516 2792 4356">
    <p class='ocr_par' dir='ltr' id='par_1_7' title="bbox 1644 516 2792 4356">
     <span class='ocr_line' id='line_1_52' title="bbox 1646 516 2713 583; baseline 0.002 -14"><span class='ocrx_word' id='word_1_262' title='bbox 1646 520 1714 569; x_wconf 90' lang='lat' dir='ltr'>rit</span> <span class='ocrx_word' id='word_1_263' title='bbox 1748 520 1985 570; x_wconf 86' lang='lat' dir='ltr'>omnibus</span> <span class='ocrx_word' id='word_1_264' title='bbox 2018 518 2334 583; x_wconf 68' lang='lat' dir='ltr'>despicatus,</span> <span class='ocrx_word' id='word_1_265' title='bbox 2362 518 2431 571; x_wconf 82' lang='lat' dir='ltr'>de</span> <span class='ocrx_word' id='word_1_266' title='bbox 2461 516 2713 573; x_wconf 70' lang='lat' dir='ltr'>Suetonio</span> 
     </span>
     <span class='ocr_line' id='line_1_53' title="bbox 1646 595 2712 658; baseline -0.001 -12"><span class='ocrx_word' id='word_1_267' title='bbox 1646 596 1807 658; x_wconf 88' lang='lat' dir='ltr'>disce,</span> <span class='ocrx_word' id='word_1_268' title='bbox 1832 597 1884 646; x_wconf 92' lang='lat' dir='ltr'>in</span> <span class='ocrx_word' id='word_1_269' title='bbox 1907 597 2090 646; x_wconf 88' lang='lat' dir='ltr'>Claud.</span> <span class='ocrx_word' id='word_1_270' title='bbox 2112 611 2159 647; x_wconf 89' lang='lat' dir='ltr'>c.</span> <span class='ocrx_word' id='word_1_271' title='bbox 2194 601 2245 648; x_wconf 76' lang='lat'>8.</span> <span class='ocrx_word' id='word_1_272' title='bbox 2266 600 2316 647; x_wconf 88' lang='grc'>4.</span> <span class='ocrx_word' id='word_1_273' title='bbox 2341 602 2390 646; x_wconf 80' lang='lat'>6.</span> <span class='ocrx_word' id='word_1_274' title='bbox 2427 595 2712 645; x_wconf 70' lang='lat' dir='ltr'>Saliw‘itoe.</span> 
     </span>
     <span class='ocr_line' id='line_1_54' title="bbox 1647 671 2717 724; baseline -0.001 0"><span class='ocrx_word' id='word_1_275' title='bbox 1647 675 1785 724; x_wconf 82' lang='lat' dir='ltr'>Cave</span> <span class='ocrx_word' id='word_1_276' title='bbox 1825 689 1940 724; x_wconf 88' lang='lat' dir='ltr'>cum</span> <span class='ocrx_word' id='word_1_277' title='bbox 1981 674 2332 724; x_wconf 87' lang='lat' dir='ltr'>eruditissimo</span> <span class='ocrx_word' id='word_1_278' title='bbox 2353 672 2522 721; x_wconf 82' lang='lat' dir='ltr'>Taciti</span> <span class='ocrx_word' id='word_1_279' title='bbox 2555 671 2717 723; x_wconf 82' lang='lat' dir='ltr'>inter·</span> 
     </span>
     <span class='ocr_line' id='line_1_55' title="bbox 1645 750 2716 815; baseline -0.005 -14"><span class='ocrx_word' id='word_1_280' title='bbox 1645 751 2036 815; x_wconf 76' lang='lat' dir='ltr'>prete‚fratres,</span> <span class='ocrx_word' id='word_1_281' title='bbox 2058 750 2331 799; x_wconf 80' lang='lat' dir='ltr'>rescribas.</span> <span class='ocrx_word' id='word_1_282' title='bbox 2384 750 2716 811; x_wconf 77' lang='lat' dir='ltr'>Quamquam</span> 
     </span>
     <span class='ocr_line' id='line_1_56' title="bbox 1647 819 2719 890; baseline -0.007 -13"><span class='ocrx_word' id='word_1_283' title='bbox 1647 829 1782 879; x_wconf 87' lang='lat' dir='ltr'>enim</span> <span class='ocrx_word' id='word_1_284' title='bbox 1817 828 1918 877; x_wconf 88' lang='lat' dir='ltr'>dno</span> <span class='ocrx_word' id='word_1_285' title='bbox 1943 827 2254 877; x_wconf 84' lang='lat' dir='ltr'>Germanico</span> <span class='ocrx_word' id='word_1_286' title='bbox 2283 824 2593 890; x_wconf 85' lang='lat' dir='ltr'>superstites</span> <span class='ocrx_word' id='word_1_287' title='bbox 2617 819 2719 871; x_wconf 79' lang='lat' dir='ltr'>fra-</span> 
     </span>
     <span class='ocr_line' id='line_1_57' title="bbox 1649 901 2720 977; baseline -0.007 -24"><span class='ocrx_word' id='word_1_288' title='bbox 1649 912 1771 965; x_wconf 86' lang='lat' dir='ltr'>tres,</span> <span class='ocrx_word' id='word_1_289' title='bbox 1788 906 2260 977; x_wconf 34' lang='lat' dir='ltr'>Claudiustnatura,</span> <span class='ocrx_word' id='word_1_290' title='bbox 2278 902 2560 964; x_wconf 73' lang='lat' dir='ltr'>adoptione</span> <span class='ocrx_word' id='word_1_291' title='bbox 2584 901 2720 948; x_wconf 86' lang='lat' dir='ltr'>Dru·</span> 
     </span>
     <span class='ocr_line' id='line_1_58' title="bbox 1648 979 2719 1046; baseline 0 -17"><span class='ocrx_word' id='word_1_292' title='bbox 1648 989 1819 1045; x_wconf 81' lang='lat' dir='ltr'>sns,et</span> <span class='ocrx_word' id='word_1_293' title='bbox 1835 995 1992 1046; x_wconf 87' lang='lat' dir='ltr'>supra</span> <span class='ocrx_word' id='word_1_294' title='bbox 2002 981 2269 1045; x_wconf 69' lang='lat' dir='ltr'>scripserit</span> <span class='ocrx_word' id='word_1_295' title='bbox 2277 979 2509 1041; x_wconf 61' lang='lat' dir='ltr'>Tacitus,</span> <span class='ocrx_word' id='word_1_296' title='bbox 2523 984 2719 1029; x_wconf 84' lang='lat' dir='ltr'>utrum·</span> 
     </span>
     <span class='ocr_line' id='line_1_59' title="bbox 1649 1059 2717 1122; baseline -0.001 -17"><span class='ocrx_word' id='word_1_297' title='bbox 1649 1071 1750 1121; x_wconf 89' lang='lat' dir='ltr'>que</span> <span class='ocrx_word' id='word_1_298' title='bbox 1783 1059 2119 1109; x_wconf 70' lang='lat' dir='ltr'>Tarracinam</span> <span class='ocrx_word' id='word_1_299' title='bbox 2160 1072 2321 1122; x_wconf 83' lang='lat' dir='ltr'>usque</span> <span class='ocrx_word' id='word_1_300' title='bbox 2356 1069 2717 1120; x_wconf 83' lang='lat' dir='ltr'>progressum:</span> 
     </span>
     <span class='ocr_line' id='line_1_60' title="bbox 1648 1132 2720 1187; baseline -0.004 -2"><span class='ocrx_word' id='word_1_301' title='bbox 1648 1150 1765 1185; x_wconf 87' lang='lat' dir='ltr'>cum</span> <span class='ocrx_word' id='word_1_302' title='bbox 1807 1143 1978 1185; x_wconf 85' lang='lat' dir='ltr'>tamen</span> <span class='ocrx_word' id='word_1_303' title='bbox 2017 1136 2129 1186; x_wconf 80' lang='lat' dir='ltr'>haec</span> <span class='ocrx_word' id='word_1_304' title='bbox 2165 1135 2341 1187; x_wconf 86' lang='lat' dir='ltr'>omnia</span> <span class='ocrx_word' id='word_1_305' title='bbox 2375 1132 2631 1183; x_wconf 86' lang='lat' dir='ltr'>invidiose</span> <span class='ocrx_word' id='word_1_306' title='bbox 2666 1132 2720 1183; x_wconf 90' lang='lat' dir='ltr'>in</span> 
     </span>
     <span class='ocr_line' id='line_1_61' title="bbox 1647 1209 2720 1278; baseline 0 -15"><span class='ocrx_word' id='word_1_307' title='bbox 1647 1214 1910 1263; x_wconf 84' lang='lat' dir='ltr'>Tiberium</span> <span class='ocrx_word' id='word_1_308' title='bbox 1960 1230 1991 1264; x_wconf 85' lang='lat' dir='ltr'>a</span> <span class='ocrx_word' id='word_1_309' title='bbox 2032 1216 2223 1278; x_wconf 87' lang='lat' dir='ltr'>populo</span> <span class='ocrx_word' id='word_1_310' title='bbox 2264 1213 2525 1271; x_wconf 89' lang='lat' dir='ltr'>dicantur,</span> <span class='ocrx_word' id='word_1_311' title='bbox 2570 1209 2720 1263; x_wconf 66' lang='lat' dir='ltr'>unius</span> 
     </span>
     <span class='ocr_line' id='line_1_62' title="bbox 1648 1285 2721 1352; baseline -0.004 -13"><span class='ocrx_word' id='word_1_312' title='bbox 1648 1290 1801 1340; x_wconf 91' lang='lat' dir='ltr'>modo</span> <span class='ocrx_word' id='word_1_313' title='bbox 1825 1289 2000 1341; x_wconf 83' lang='lat' dir='ltr'>fratris</span> <span class='ocrx_word' id='word_1_314' title='bbox 2032 1292 2210 1352; x_wconf 85' lang='lat' dir='ltr'>Drusi,</span> <span class='ocrx_word' id='word_1_315' title='bbox 2232 1290 2326 1339; x_wconf 84' lang='lat' dir='ltr'>filii</span> <span class='ocrx_word' id='word_1_316' title='bbox 2345 1288 2570 1350; x_wconf 86' lang='lat' dir='ltr'>Tiberii,</span> <span class='ocrx_word' id='word_1_317' title='bbox 2590 1285 2721 1341; x_wconf 82' lang='lat' dir='ltr'>facit</span> 
     </span>
     <span class='ocr_line' id='line_1_63' title="bbox 1648 1366 2721 1419; baseline -0.001 -3"><span class='ocrx_word' id='word_1_318' title='bbox 1648 1368 1982 1418; x_wconf 86' lang='lat' dir='ltr'>mentionem.</span> <span class='ocrx_word' id='word_1_319' title='bbox 2049 1370 2122 1419; x_wconf 88' lang='lat' dir='ltr'>Et</span> <span class='ocrx_word' id='word_1_320' title='bbox 2158 1374 2301 1418; x_wconf 86' lang='lat' dir='ltr'>certe</span> <span class='ocrx_word' id='word_1_321' title='bbox 2342 1366 2593 1417; x_wconf 87' lang='lat' dir='ltr'>Claudius</span> <span class='ocrx_word' id='word_1_322' title='bbox 2631 1380 2721 1415; x_wconf 80' lang='lat' dir='ltr'>ex-</span> 
     </span>
     <span class='ocr_line' id='line_1_64' title="bbox 1649 1442 2720 1510; baseline 0.002 -17"><span class='ocrx_word' id='word_1_323' title='bbox 1649 1444 1817 1493; x_wconf 88' lang='lat' dir='ltr'>cusari</span> <span class='ocrx_word' id='word_1_324' title='bbox 1861 1446 2181 1507; x_wconf 84' lang='lat' dir='ltr'>merebatur,</span> <span class='ocrx_word' id='word_1_325' title='bbox 2222 1446 2345 1510; x_wconf 86' lang='lat' dir='ltr'>quia</span> <span class='ocrx_word' id='word_1_326' title='bbox 2381 1444 2520 1494; x_wconf 84' lang='lat' dir='ltr'>haud</span> <span class='ocrx_word' id='word_1_327' title='bbox 2565 1442 2720 1495; x_wconf 74' lang='lat' dir='ltr'>dubio</span> 
     </span>
     <span class='ocr_line' id='line_1_65' title="bbox 1649 1520 2720 1583; baseline 0.003 -15"><span class='ocrx_word' id='word_1_328' title='bbox 1649 1520 1936 1583; x_wconf 87' lang='lat' dir='ltr'>prohibitus</span> <span class='ocrx_word' id='word_1_329' title='bbox 1959 1530 2041 1571; x_wconf 86' lang='lat' dir='ltr'>est</span> <span class='ocrx_word' id='word_1_330' title='bbox 2061 1537 2093 1571; x_wconf 87' lang='lat' dir='ltr'>a</span> <span class='ocrx_word' id='word_1_331' title='bbox 2109 1522 2317 1572; x_wconf 81' lang='lat' dir='ltr'>Tiberio</span> <span class='ocrx_word' id='word_1_332' title='bbox 2357 1521 2577 1571; x_wconf 84' lang='lat' dir='ltr'>ulterius</span> <span class='ocrx_word' id='word_1_333' title='bbox 2602 1534 2720 1583; x_wconf 81' lang='lat' dir='ltr'>pto-</span> 
     </span>
     <span class='ocr_line' id='line_1_66' title="bbox 1649 1599 2720 1664; baseline 0.002 -17"><span class='ocrx_word' id='word_1_334' title='bbox 1649 1599 1816 1662; x_wconf 75' lang='lat' dir='ltr'>gredi,</span> <span class='ocrx_word' id='word_1_335' title='bbox 1851 1615 2005 1664; x_wconf 83' lang='lat' dir='ltr'>quam</span> <span class='ocrx_word' id='word_1_336' title='bbox 2043 1602 2267 1662; x_wconf 80' lang='lat' dir='ltr'>Drusus,</span> <span class='ocrx_word' id='word_1_337' title='bbox 2297 1615 2365 1650; x_wconf 89' lang='lat' dir='ltr'>ne</span> <span class='ocrx_word' id='word_1_338' title='bbox 2401 1602 2535 1663; x_wconf 87' lang='lat' dir='ltr'>plus,</span> <span class='ocrx_word' id='word_1_339' title='bbox 2565 1613 2720 1663; x_wconf 77' lang='lat' dir='ltr'>quam</span> 
     </span>
     <span class='ocr_line' id='line_1_67' title="bbox 1647 1678 2719 1743; baseline 0.004 -18"><span class='ocrx_word' id='word_1_340' title='bbox 1647 1678 1751 1739; x_wconf 82' lang='lat' dir='ltr'>liic,</span> <span class='ocrx_word' id='word_1_341' title='bbox 1775 1678 1970 1743; x_wconf 75' lang='lat' dir='ltr'>lugere,</span> <span class='ocrx_word' id='word_1_342' title='bbox 1985 1680 2253 1743; x_wconf 81' lang='lat' dir='ltr'>magisque</span> <span class='ocrx_word' id='word_1_343' title='bbox 2274 1678 2414 1729; x_wconf 84' lang='lat' dir='ltr'>affici</span> <span class='ocrx_word' id='word_1_344' title='bbox 2436 1678 2719 1729; x_wconf 75' lang='lat' dir='ltr'>videretur.</span> 
     </span>
     <span class='ocr_line' id='line_1_68' title="bbox 1650 1753 2720 1821; baseline 0.002 -18"><span class='ocrx_word' id='word_1_345' title='bbox 1650 1753 1784 1804; x_wconf 78' lang='lat' dir='ltr'>Haec</span> <span class='ocrx_word' id='word_1_346' title='bbox 1808 1769 1966 1805; x_wconf 86' lang='lat' dir='ltr'>causa</span> <span class='ocrx_word' id='word_1_347' title='bbox 1987 1770 2194 1821; x_wconf 87' lang='lat' dir='ltr'>quoque</span> <span class='ocrx_word' id='word_1_348' title='bbox 2224 1763 2324 1815; x_wconf 88' lang='lat' dir='ltr'>est,</span> <span class='ocrx_word' id='word_1_349' title='bbox 2344 1770 2440 1805; x_wconf 90' lang='lat' dir='ltr'>cur</span> <span class='ocrx_word' id='word_1_350' title='bbox 2459 1755 2528 1803; x_wconf 89' lang='lat' dir='ltr'>de</span> <span class='ocrx_word' id='word_1_351' title='bbox 2550 1760 2720 1805; x_wconf 78' lang='lat' dir='ltr'>matre</span> 
     </span>
     <span class='ocr_line' id='line_1_69' title="bbox 1651 1833 2721 1898; baseline -0.001 -16"><span class='ocrx_word' id='word_1_352' title='bbox 1651 1833 1945 1883; x_wconf 71' lang='lat' dir='ltr'>Germanici</span> <span class='ocrx_word' id='word_1_353' title='bbox 1969 1834 2201 1884; x_wconf 78' lang='lat' dir='ltr'>Antonia</span> <span class='ocrx_word' id='word_1_354' title='bbox 2236 1834 2322 1884; x_wconf 90' lang='lat' dir='ltr'>hic</span> <span class='ocrx_word' id='word_1_355' title='bbox 2343 1848 2445 1884; x_wconf 88' lang='lat' dir='ltr'>non</span> <span class='ocrx_word' id='word_1_356' title='bbox 2464 1839 2721 1898; x_wconf 80' lang='lat' dir='ltr'>queratur</span> 
     </span>
     <span class='ocr_line' id='line_1_70' title="bbox 1650 1908 2792 1981; baseline -0.001 -21"><span class='ocrx_word' id='word_1_357' title='bbox 1650 1911 2038 1974; x_wconf 86' lang='lat' dir='ltr'>populus,licet</span> <span class='ocrx_word' id='word_1_358' title='bbox 2075 1913 2215 1961; x_wconf 87' lang='lat' dir='ltr'>nullo</span> <span class='ocrx_word' id='word_1_359' title='bbox 2256 1911 2440 1974; x_wconf 80' lang='lat' dir='ltr'>insigni</span> <span class='ocrx_word' id='word_1_360' title='bbox 2471 1908 2645 1960; x_wconf 87' lang='lat' dir='ltr'>officio</span> <span class='ocrx_word' id='word_1_361' title='bbox 2668 1908 2723 1959; x_wconf 88' lang='lat' dir='ltr'>in</span> <span class='ocrx_word' id='word_1_362' title='bbox 2785 1974 2792 1981; x_wconf 16' lang='grc' dir='ltr'>ἢ</span> 
     </span>
     <span class='ocr_line' id='line_1_71' title="bbox 1651 1986 2723 2055; baseline -0.002 -19"><span class='ocrx_word' id='word_1_363' title='bbox 1651 1987 2016 2038; x_wconf 81' lang='lat' dir='ltr'>Germanicum</span> <span class='ocrx_word' id='word_1_364' title='bbox 2037 1986 2235 2055; x_wconf 80' lang='lat' dir='ltr'>functa.</span> <span class='ocrx_word' id='word_1_365' title='bbox 2303 1988 2440 2037; x_wconf 81' lang='lat' dir='ltr'>Nam</span> <span class='ocrx_word' id='word_1_366' title='bbox 2465 1987 2522 2037; x_wconf 89' lang='lat' dir='ltr'>id</span> <span class='ocrx_word' id='word_1_367' title='bbox 2545 1986 2723 2035; x_wconf 86' lang='lat' dir='ltr'>nolue-</span> 
     </span>
     <span class='ocr_line' id='line_1_72' title="bbox 1651 2063 2723 2127; baseline -0.001 -15"><span class='ocrx_word' id='word_1_368' title='bbox 1651 2070 1734 2113; x_wconf 83' lang='lat' dir='ltr'>rat</span> <span class='ocrx_word' id='word_1_369' title='bbox 1753 2065 2018 2115; x_wconf 83' lang='lat' dir='ltr'>Tiberius:</span> <span class='ocrx_word' id='word_1_370' title='bbox 2054 2071 2114 2114; x_wconf 91' lang='lat' dir='ltr'>ut</span> <span class='ocrx_word' id='word_1_371' title='bbox 2135 2078 2309 2127; x_wconf 84' lang='lat' dir='ltr'>supra.</span> <span class='ocrx_word' id='word_1_372' title='bbox 2380 2063 2574 2116; x_wconf 82' lang='lat' dir='ltr'>Quidni</span> <span class='ocrx_word' id='word_1_373' title='bbox 2610 2076 2723 2112; x_wconf 79' lang='lat' dir='ltr'>cre·</span> 
     </span>
     <span class='ocr_line' id='line_1_73' title="bbox 1650 2140 2721 2205; baseline 0.001 -16"><span class='ocrx_word' id='word_1_374' title='bbox 1650 2140 1830 2190; x_wconf 86' lang='lat' dir='ltr'>damus</span> <span class='ocrx_word' id='word_1_375' title='bbox 1847 2140 1982 2190; x_wconf 89' lang='lat' dir='ltr'>idem</span> <span class='ocrx_word' id='word_1_376' title='bbox 2001 2142 2221 2191; x_wconf 82' lang='lat' dir='ltr'>Claudio</span> <span class='ocrx_word' id='word_1_377' title='bbox 2239 2140 2503 2190; x_wconf 81' lang='lat' dir='ltr'>evenisse?</span> <span class='ocrx_word' id='word_1_378' title='bbox 2528 2140 2721 2205; x_wconf 76' lang='lat' dir='ltr'>Itaque</span> 
     </span>
     <span class='ocr_line' id='line_1_74' title="bbox 1650 2217 2722 2281; baseline 0.003 -15"><span class='ocrx_word' id='word_1_379' title='bbox 1650 2232 1751 2267; x_wconf 90' lang='lat' dir='ltr'>non</span> <span class='ocrx_word' id='word_1_380' title='bbox 1775 2218 1840 2268; x_wconf 88' lang='lat' dir='ltr'>de</span> <span class='ocrx_word' id='word_1_381' title='bbox 1859 2233 1943 2281; x_wconf 91' lang='lat' dir='ltr'>eo,</span> <span class='ocrx_word' id='word_1_382' title='bbox 1967 2218 2061 2268; x_wconf 86' lang='lat' dir='ltr'>sed</span> <span class='ocrx_word' id='word_1_383' title='bbox 2081 2220 2278 2281; x_wconf 89' lang='lat' dir='ltr'>Druso,</span> <span class='ocrx_word' id='word_1_384' title='bbox 2304 2219 2416 2269; x_wconf 80' lang='lat' dir='ltr'>liaec</span> <span class='ocrx_word' id='word_1_385' title='bbox 2440 2225 2565 2268; x_wconf 89' lang='lat' dir='ltr'>sunt</span> <span class='ocrx_word' id='word_1_386' title='bbox 2587 2217 2722 2269; x_wconf 82' lang='lat' dir='ltr'>acci-</span> 
     </span>
     <span class='ocr_line' id='line_1_75' title="bbox 1650 2295 2721 2359; baseline 0.003 -17"><span class='ocrx_word' id='word_1_387' title='bbox 1650 2295 1859 2358; x_wconf 89' lang='lat' dir='ltr'>pienda,</span> <span class='ocrx_word' id='word_1_388' title='bbox 1883 2302 1942 2344; x_wconf 91' lang='lat' dir='ltr'>ut</span> <span class='ocrx_word' id='word_1_389' title='bbox 1964 2295 2030 2345; x_wconf 86' lang='lat' dir='ltr'>ad</span> <span class='ocrx_word' id='word_1_390' title='bbox 2053 2297 2302 2359; x_wconf 57' lang='lat' dir='ltr'>maiorem</span> <span class='ocrx_word' id='word_1_391' title='bbox 2329 2295 2577 2345; x_wconf 83' lang='lat' dir='ltr'>invidiam</span> <span class='ocrx_word' id='word_1_392' title='bbox 2600 2308 2721 2345; x_wconf 86' lang='lat' dir='ltr'>cou-</span> 
     </span>
     <span class='ocr_line' id='line_1_76' title="bbox 1650 2372 2721 2437; baseline 0.004 -16"><span class='ocrx_word' id='word_1_393' title='bbox 1650 2372 1911 2422; x_wconf 88' lang='lat' dir='ltr'>citandam</span> <span class='ocrx_word' id='word_1_394' title='bbox 1956 2373 2008 2422; x_wconf 89' lang='lat' dir='ltr'>in</span> <span class='ocrx_word' id='word_1_395' title='bbox 2053 2373 2333 2435; x_wconf 85' lang='lat' dir='ltr'>Tiberium,</span> <span class='ocrx_word' id='word_1_396' title='bbox 2374 2373 2596 2437; x_wconf 82' lang='lat' dir='ltr'>ejusque</span> <span class='ocrx_word' id='word_1_397' title='bbox 2633 2372 2721 2425; x_wconf 77' lang='lat' dir='ltr'>do·</span> 
     </span>
     <span class='ocr_line' id='line_1_77' title="bbox 1650 2450 2538 2514; baseline 0.002 -17"><span class='ocrx_word' id='word_1_398' title='bbox 1650 2463 1808 2512; x_wconf 89' lang='lat' dir='ltr'>mum,</span> <span class='ocrx_word' id='word_1_399' title='bbox 1827 2457 2143 2514; x_wconf 83' lang='lat' dir='ltr'>comparata.</span> <span class='ocrx_word' id='word_1_400' title='bbox 2210 2450 2538 2500; x_wconf 60' lang='lat' dir='ltr'>Boxum-nias.</span> 
     </span>
     <span class='ocr_line' id='line_1_78' title="bbox 1719 2526 2720 2590; baseline 0.003 -16"><span class='ocrx_word' id='word_1_401' title='bbox 1719 2526 1980 2589; x_wconf 68' lang='lat' dir='ltr'>Instituta]</span> <span class='ocrx_word' id='word_1_402' title='bbox 2014 2528 2136 2577; x_wconf 87' lang='lat' dir='ltr'>Non</span> <span class='ocrx_word' id='word_1_403' title='bbox 2172 2533 2374 2576; x_wconf 89' lang='lat' dir='ltr'>tantum</span> <span class='ocrx_word' id='word_1_404' title='bbox 2415 2527 2484 2576; x_wconf 90' lang='lat' dir='ltr'>de</span> <span class='ocrx_word' id='word_1_405' title='bbox 2517 2526 2720 2590; x_wconf 71' lang='lat' dir='ltr'>legibus</span> 
     </span>
     <span class='ocr_line' id='line_1_79' title="bbox 1653 2601 2720 2667; baseline 0.001 -15"><span class='ocrx_word' id='word_1_406' title='bbox 1653 2601 1916 2666; x_wconf 87' lang='lat' dir='ltr'>dicuntur,</span> <span class='ocrx_word' id='word_1_407' title='bbox 1950 2610 2010 2653; x_wconf 89' lang='lat' dir='ltr'>ut</span> <span class='ocrx_word' id='word_1_408' title='bbox 2043 2618 2301 2654; x_wconf 89' lang='lat' dir='ltr'>nonnemo</span> <span class='ocrx_word' id='word_1_409' title='bbox 2337 2605 2572 2667; x_wconf 71' lang='lat' dir='ltr'>accepitz</span> <span class='ocrx_word' id='word_1_410' title='bbox 2628 2601 2720 2653; x_wconf 83' lang='lat' dir='ltr'>sed</span> 
     </span>
     <span class='ocr_line' id='line_1_80' title="bbox 1651 2679 2721 2735; baseline 0.004 -8"><span class='ocrx_word' id='word_1_411' title='bbox 1651 2679 1806 2728; x_wconf 84' lang='lat' dir='ltr'>etiam</span> <span class='ocrx_word' id='word_1_412' title='bbox 1848 2681 1916 2729; x_wconf 92' lang='lat' dir='ltr'>de</span> <span class='ocrx_word' id='word_1_413' title='bbox 1953 2681 2180 2731; x_wconf 89' lang='lat' dir='ltr'>moribus</span> <span class='ocrx_word' id='word_1_414' title='bbox 2210 2687 2268 2731; x_wconf 88' lang='lat' dir='ltr'>et</span> <span class='ocrx_word' id='word_1_415' title='bbox 2304 2680 2721 2735; x_wconf 67' lang='lat' dir='ltr'>consuetudines</span> 
     </span>
     <span class='ocr_line' id='line_1_81' title="bbox 1651 2756 2726 2821; baseline 0.001 -16"><span class='ocrx_word' id='word_1_416' title='bbox 1651 2770 1767 2820; x_wconf 72' lang='lat' dir='ltr'>quse</span> <span class='ocrx_word' id='word_1_417' title='bbox 1791 2756 2101 2821; x_wconf 76' lang='lat' dir='ltr'>significatio</span> <span class='ocrx_word' id='word_1_418' title='bbox 2129 2758 2251 2808; x_wconf 79' lang='lat' dir='ltr'>liuic</span> <span class='ocrx_word' id='word_1_419' title='bbox 2272 2760 2387 2808; x_wconf 88' lang='lat' dir='ltr'>loco</span> <span class='ocrx_word' id='word_1_420' title='bbox 2411 2756 2726 2809; x_wconf 84' lang='lat' dir='ltr'>convenien-</span> 
     </span>
     <span class='ocr_line' id='line_1_82' title="bbox 1651 2833 2457 2885; baseline 0 -4"><span class='ocrx_word' id='word_1_421' title='bbox 1651 2833 1755 2882; x_wconf 87' lang='lat' dir='ltr'>tior</span> <span class='ocrx_word' id='word_1_422' title='bbox 1774 2841 1875 2884; x_wconf 89' lang='lat' dir='ltr'>est.</span> <span class='ocrx_word' id='word_1_423' title='bbox 1940 2836 2309 2885; x_wconf 65' lang='lat' dir='ltr'>Freinshemius.</span> <span class='ocrx_word' id='word_1_424' title='bbox 2448 2876 2457 2881; x_wconf 80' lang='grc'>.</span> 
     </span>
     <span class='ocr_line' id='line_1_83' title="bbox 1718 2909 2724 2977; baseline 0.004 -20"><span class='ocrx_word' id='word_1_425' title='bbox 1718 2909 2035 2972; x_wconf 60' lang='lat' dir='ltr'>Praepositam</span> <span class='ocrx_word' id='word_1_426' title='bbox 2054 2916 2159 2960; x_wconf 81' lang='lat' dir='ltr'>toro</span> <span class='ocrx_word' id='word_1_427' title='bbox 2175 2910 2400 2977; x_wconf 61' lang='lat' dir='ltr'>effigiem]</span> <span class='ocrx_word' id='word_1_428' title='bbox 2437 2912 2600 2974; x_wconf 83' lang='lat' dir='ltr'>Lege,</span> <span class='ocrx_word' id='word_1_429' title='bbox 2617 2926 2724 2974; x_wconf 79' lang='lat' dir='ltr'>pro·</span> 
     </span>
     <span class='ocr_line' id='line_1_84' title="bbox 1644 2986 2723 3053; baseline 0.002 -18"><span class='ocrx_word' id='word_1_430' title='bbox 1644 2986 1853 3049; x_wconf 73' lang='lat' dir='ltr'>positam</span> <span class='ocrx_word' id='word_1_431' title='bbox 1874 2990 1925 3037; x_wconf 76' lang='lat' dir='ltr'>ia</span> <span class='ocrx_word' id='word_1_432' title='bbox 1946 2993 2046 3037; x_wconf 79' lang='lat' dir='ltr'>toro</span> <span class='ocrx_word' id='word_1_433' title='bbox 2067 2990 2286 3053; x_wconf 60' lang='lat' dir='ltr'>effigiem.</span> <span class='ocrx_word' id='word_1_434' title='bbox 2322 2988 2617 3038; x_wconf 86' lang='lat' dir='ltr'>Herodiani</span> <span class='ocrx_word' id='word_1_435' title='bbox 2634 3004 2723 3038; x_wconf 87' lang='lat' dir='ltr'>au-</span> 
     </span>
     <span class='ocr_line' id='line_1_85' title="bbox 1654 3063 2724 3128; baseline 0.005 -18"><span class='ocrx_word' id='word_1_436' title='bbox 1654 3069 1758 3110; x_wconf 89' lang='lat' dir='ltr'>tem</span> <span class='ocrx_word' id='word_1_437' title='bbox 1781 3063 1949 3112; x_wconf 89' lang='lat' dir='ltr'>locum</span> <span class='ocrx_word' id='word_1_438' title='bbox 1973 3078 2002 3112; x_wconf 89' lang='lat' dir='ltr'>e</span> <span class='ocrx_word' id='word_1_439' title='bbox 2026 3064 2284 3128; x_wconf 88' lang='lat' dir='ltr'>principio</span> <span class='ocrx_word' id='word_1_440' title='bbox 2307 3064 2343 3113; x_wconf 82' lang='lat'>1.</span> <span class='ocrx_word' id='word_1_441' title='bbox 2374 3077 2454 3115; x_wconf 74' lang='lat' dir='ltr'>tv.</span> <span class='ocrx_word' id='word_1_442' title='bbox 2479 3063 2724 3127; x_wconf 79' lang='lat' dir='ltr'>quoniam</span> 
     </span>
     <span class='ocr_line' id='line_1_86' title="bbox 1653 3138 2722 3202; baseline 0.002 -15"><span class='ocrx_word' id='word_1_443' title='bbox 1653 3138 1720 3187; x_wconf 89' lang='lat' dir='ltr'>ad</span> <span class='ocrx_word' id='word_1_444' title='bbox 1743 3139 1854 3187; x_wconf 78' lang='lat' dir='ltr'>liaec</span> <span class='ocrx_word' id='word_1_445' title='bbox 1875 3139 2184 3190; x_wconf 82' lang='lat' dir='ltr'>illustranda</span> <span class='ocrx_word' id='word_1_446' title='bbox 2217 3138 2432 3189; x_wconf 85' lang='lat' dir='ltr'>mirifice</span> <span class='ocrx_word' id='word_1_447' title='bbox 2465 3140 2722 3202; x_wconf 86' lang='lat' dir='ltr'>pertinet,</span> 
     </span>
     <span class='ocr_line' id='line_1_87' title="bbox 1652 3216 2724 3282; baseline 0.003 -17"><span class='ocrx_word' id='word_1_448' title='bbox 1652 3217 1751 3265; x_wconf 87' lang='lat' dir='ltr'>etsi</span> <span class='ocrx_word' id='word_1_449' title='bbox 1768 3216 1880 3279; x_wconf 88' lang='lat' dir='ltr'>jam</span> <span class='ocrx_word' id='word_1_450' title='bbox 1903 3218 2143 3280; x_wconf 76' lang='lat' dir='ltr'>vulgatus</span> <span class='ocrx_word' id='word_1_451' title='bbox 2179 3224 2283 3279; x_wconf 88' lang='lat' dir='ltr'>est,</span> <span class='ocrx_word' id='word_1_452' title='bbox 2306 3231 2372 3266; x_wconf 90' lang='lat' dir='ltr'>ne</span> <span class='ocrx_word' id='word_1_453' title='bbox 2392 3217 2519 3282; x_wconf 86' lang='lat' dir='ltr'>qnid</span> <span class='ocrx_word' id='word_1_454' title='bbox 2542 3224 2724 3269; x_wconf 79' lang='lat' dir='ltr'>tamen</span> 
     </span>
     <span class='ocr_line' id='line_1_88' title="bbox 1653 3289 2725 3356; baseline 0.006 -18"><span class='ocrx_word' id='word_1_455' title='bbox 1653 3289 2000 3353; x_wconf 85' lang='lat' dir='ltr'>desideretur,</span> <span class='ocrx_word' id='word_1_456' title='bbox 2018 3307 2297 3356; x_wconf 86' lang='lat' dir='ltr'>apponam,</span> <span class='ocrx_word' id='word_1_457' title='bbox 2318 3302 2378 3343; x_wconf 87' lang='lat' dir='ltr'>ut</span> <span class='ocrx_word' id='word_1_458' title='bbox 2401 3309 2433 3342; x_wconf 93' lang='lat' dir='ltr'>a</span> <span class='ocrx_word' id='word_1_459' title='bbox 2456 3293 2725 3345; x_wconf 84' lang='lat' dir='ltr'>Politiano</span> 
     </span>
     <span class='ocr_line' id='line_1_89' title="bbox 1653 3375 2725 3439; baseline 0.004 -17"><span class='ocrx_word' id='word_1_460' title='bbox 1653 3387 1933 3423; x_wconf 85' lang='lat' dir='ltr'>conversus</span> <span class='ocrx_word' id='word_1_461' title='bbox 1962 3382 2063 3436; x_wconf 88' lang='lat' dir='ltr'>est,</span> <span class='ocrx_word' id='word_1_462' title='bbox 2085 3375 2264 3439; x_wconf 84' lang='lat' dir='ltr'>paucis</span> <span class='ocrx_word' id='word_1_463' title='bbox 2288 3376 2725 3439; x_wconf 81' lang='lat' dir='ltr'>tantumquibus·</span> 
     </span>
     <span class='ocr_line' id='line_1_90' title="bbox 1651 3449 2726 3515; baseline 0.004 -17"><span class='ocrx_word' id='word_1_464' title='bbox 1651 3449 1786 3512; x_wconf 80' lang='lat' dir='ltr'>dam,</span> <span class='ocrx_word' id='word_1_465' title='bbox 1821 3451 1874 3501; x_wconf 87' lang='lat' dir='ltr'>iu</span> <span class='ocrx_word' id='word_1_466' title='bbox 1896 3451 2080 3515; x_wconf 78' lang='lat' dir='ltr'>qiiibus</span> <span class='ocrx_word' id='word_1_467' title='bbox 2115 3453 2207 3501; x_wconf 91' lang='lat' dir='ltr'>ille</span> <span class='ocrx_word' id='word_1_468' title='bbox 2246 3452 2472 3515; x_wconf 86' lang='lat' dir='ltr'>turpiter</span> <span class='ocrx_word' id='word_1_469' title='bbox 2507 3454 2726 3515; x_wconf 77' lang='lat' dir='ltr'>erravit,</span> 
     </span>
     <span class='ocr_line' id='line_1_91' title="bbox 1651 3526 2726 3583; baseline 0.003 -7"><span class='ocrx_word' id='word_1_470' title='bbox 1651 3526 1967 3577; x_wconf 84' lang='lat' dir='ltr'>emendatis:</span> <span class='ocrx_word' id='word_1_471' title='bbox 2002 3543 2070 3578; x_wconf 90' lang='lat' dir='ltr'>ne</span> <span class='ocrx_word' id='word_1_472' title='bbox 2103 3530 2189 3578; x_wconf 89' lang='lat' dir='ltr'>cui</span> <span class='ocrx_word' id='word_1_473' title='bbox 2211 3535 2318 3579; x_wconf 87' lang='lat' dir='ltr'>tam</span> <span class='ocrx_word' id='word_1_474' title='bbox 2342 3530 2505 3577; x_wconf 81' lang='lat' dir='ltr'>multa</span> <span class='ocrx_word' id='word_1_475' title='bbox 2528 3531 2726 3583; x_wconf 80' lang='lat' dir='ltr'>Graeea</span> 
     </span>
     <span class='ocr_line' id='line_1_92' title="bbox 1651 3603 2727 3658; baseline 0.007 -8"><span class='ocrx_word' id='word_1_476' title='bbox 1651 3603 1871 3653; x_wconf 87' lang='lat' dir='ltr'>molesta</span> <span class='ocrx_word' id='word_1_477' title='bbox 1882 3605 2002 3655; x_wconf 90' lang='lat' dir='ltr'>sint.</span> <span class='ocrx_word' id='word_1_478' title='bbox 2035 3605 2065 3635; x_wconf 81' lang='lat'><em>*</em></span> <span class='ocrx_word' id='word_1_479' title='bbox 2078 3606 2349 3656; x_wconf 81' lang='lat' dir='ltr'>Hactenus</span> <span class='ocrx_word' id='word_1_480' title='bbox 2368 3606 2727 3658; x_wconf 76' lang='lat' dir='ltr'>Herodianus.</span> 
     </span>
     <span class='ocr_line' id='line_1_93' title="bbox 1653 3680 2725 3750; baseline 0.004 -19"><span class='ocrx_word' id='word_1_481' title='bbox 1653 3680 1872 3731; x_wconf 77' lang='lat' dir='ltr'>Constat</span> <span class='ocrx_word' id='word_1_482' title='bbox 1910 3688 2084 3730; x_wconf 86' lang='lat' dir='ltr'>autem</span> <span class='ocrx_word' id='word_1_483' title='bbox 2119 3698 2317 3746; x_wconf 89' lang='lat' dir='ltr'>eorum,</span> <span class='ocrx_word' id='word_1_484' title='bbox 2347 3696 2466 3747; x_wconf 80' lang='lat' dir='ltr'>quse</span> <span class='ocrx_word' id='word_1_485' title='bbox 2508 3684 2576 3734; x_wconf 87' lang='lat' dir='ltr'>ab</span> <span class='ocrx_word' id='word_1_486' title='bbox 2609 3686 2725 3750; x_wconf 81' lang='lat' dir='ltr'>ipso</span> 
     </span>
     <span class='ocr_line' id='line_1_94' title="bbox 1651 3762 2727 3823; baseline 0.007 -18"><span class='ocrx_word' id='word_1_487' title='bbox 1651 3765 2135 3820; x_wconf 81' lang='lat' dir='ltr'>commemorantur,</span> <span class='ocrx_word' id='word_1_488' title='bbox 2157 3762 2347 3823; x_wconf 81' lang='lat' dir='ltr'>partim</span> <span class='ocrx_word' id='word_1_489' title='bbox 2364 3762 2525 3811; x_wconf 86' lang='lat' dir='ltr'>etiam</span> <span class='ocrx_word' id='word_1_490' title='bbox 2551 3768 2727 3812; x_wconf 78' lang='lat' dir='ltr'>vetus·</span> 
     </span>
     <span class='ocr_line' id='line_1_95' title="bbox 1651 3832 2726 3901; baseline 0.007 -19"><span class='ocrx_word' id='word_1_491' title='bbox 1651 3832 1868 3882; x_wconf 84' lang='lat' dir='ltr'>tioribus</span> <span class='ocrx_word' id='word_1_492' title='bbox 1888 3835 2206 3897; x_wconf 87' lang='lat' dir='ltr'>temporibus</span> <span class='ocrx_word' id='word_1_493' title='bbox 2228 3836 2280 3885; x_wconf 89' lang='lat' dir='ltr'>in</span> <span class='ocrx_word' id='word_1_494' title='bbox 2301 3851 2397 3885; x_wconf 87' lang='lat' dir='ltr'>usu</span> <span class='ocrx_word' id='word_1_495' title='bbox 2419 3835 2604 3901; x_wconf 86' lang='lat' dir='ltr'>fuisse,</span> <span class='ocrx_word' id='word_1_496' title='bbox 2622 3840 2726 3890; x_wconf 77' lang='lat' dir='ltr'>alia</span> 
     </span>
     <span class='ocr_line' id='line_1_96' title="bbox 1651 3907 2747 3979; baseline 0.006 -22"><span class='ocrx_word' id='word_1_497' title='bbox 1651 3907 1925 3970; x_wconf 72' lang='lat' dir='ltr'>gliscente,</span> <span class='ocrx_word' id='word_1_498' title='bbox 1947 3916 2005 3958; x_wconf 91' lang='lat' dir='ltr'>ut</span> <span class='ocrx_word' id='word_1_499' title='bbox 2025 3908 2105 3970; x_wconf 84' lang='lat' dir='ltr'>fit,</span> <span class='ocrx_word' id='word_1_500' title='bbox 2129 3910 2447 3971; x_wconf 84' lang='lat' dir='ltr'>adulatione,</span> <span class='ocrx_word' id='word_1_501' title='bbox 2468 3914 2537 3962; x_wconf 88' lang='lat' dir='ltr'>ad</span> <span class='ocrx_word' id='word_1_502' title='bbox 2562 3916 2747 3979; x_wconf 72' lang='lat' dir='ltr'>impe--</span> 
     </span>
     <span class='ocr_line' id='line_1_97' title="bbox 1652 3988 2726 4052; baseline 0.009 -19"><span class='ocrx_word' id='word_1_503' title='bbox 1652 3991 1853 4033; x_wconf 88' lang='lat' dir='ltr'>ratores</span> <span class='ocrx_word' id='word_1_504' title='bbox 1906 3988 2042 4035; x_wconf 88' lang='lat' dir='ltr'>omni</span> <span class='ocrx_word' id='word_1_505' title='bbox 2082 3989 2288 4037; x_wconf 84' lang='lat' dir='ltr'>honoris</span> <span class='ocrx_word' id='word_1_506' title='bbox 2331 4005 2529 4052; x_wconf 80' lang='lat' dir='ltr'>genere</span> <span class='ocrx_word' id='word_1_507' title='bbox 2588 3994 2726 4043; x_wconf 82' lang='lat' dir='ltr'>cele-</span> 
     </span>
     <span class='ocr_line' id='line_1_98' title="bbox 1652 4059 2725 4129; baseline 0.009 -20"><span class='ocrx_word' id='word_1_508' title='bbox 1652 4059 1901 4121; x_wconf 80' lang='lat' dir='ltr'>brandos,</span> <span class='ocrx_word' id='word_1_509' title='bbox 1942 4078 1974 4111; x_wconf 84' lang='lat' dir='ltr'>a</span> <span class='ocrx_word' id='word_1_510' title='bbox 2008 4065 2229 4125; x_wconf 86' lang='lat' dir='ltr'>posteris</span> <span class='ocrx_word' id='word_1_511' title='bbox 2249 4068 2556 4129; x_wconf 75' lang='lat' dir='ltr'>excogitata</span> <span class='ocrx_word' id='word_1_512' title='bbox 2591 4083 2725 4119; x_wconf 85' lang='lat' dir='ltr'>esse.</span> 
     </span>
     <span class='ocr_line' id='line_1_99' title="bbox 1653 4136 2726 4207; baseline 0.009 -20"><span class='ocrx_word' id='word_1_513' title='bbox 1653 4136 1895 4187; x_wconf 71' lang='lat' dir='ltr'>Muretus.</span> <span class='ocrx_word' id='word_1_514' title='bbox 1951 4139 2099 4187; x_wconf 76' lang='lat' dir='ltr'>Facit</span> <span class='ocrx_word' id='word_1_515' title='bbox 2132 4141 2235 4189; x_wconf 79' lang='lat' dir='ltr'>huc</span> <span class='ocrx_word' id='word_1_516' title='bbox 2269 4141 2398 4191; x_wconf 84' lang='lat' dir='ltr'>illud</span> <span class='ocrx_word' id='word_1_517' title='bbox 2426 4143 2726 4207; x_wconf 79' lang='lat' dir='ltr'>Propertii.</span> 
     </span>
     <span class='ocr_line' id='line_1_100' title="bbox 1653 4213 2728 4273; baseline 0.012 -13"><span class='ocrx_word' id='word_1_518' title='bbox 1653 4214 1670 4242; x_wconf 87' lang='lat'>‘</span> <span class='ocrx_word' id='word_1_519' title='bbox 1698 4213 1816 4262; x_wconf 86' lang='lat' dir='ltr'>Nec</span> <span class='ocrx_word' id='word_1_520' title='bbox 1840 4213 1961 4262; x_wconf 83' lang='lat' dir='ltr'>mihi</span> <span class='ocrx_word' id='word_1_521' title='bbox 1994 4219 2117 4264; x_wconf 90' lang='lat' dir='ltr'>tunc</span> <span class='ocrx_word' id='word_1_522' title='bbox 2141 4214 2309 4266; x_wconf 87' lang='lat' dir='ltr'>fulcro</span> <span class='ocrx_word' id='word_1_523' title='bbox 2331 4224 2602 4270; x_wconf 75' lang='lat' dir='ltr'>sternamr</span> <span class='ocrx_word' id='word_1_524' title='bbox 2622 4222 2728 4273; x_wconf 68' lang='lat' dir='ltr'>lee-</span> 
     </span>
     <span class='ocr_line' id='line_1_101' title="bbox 1655 4287 2724 4356; baseline 0.007 -15"><span class='ocrx_word' id='word_1_525' title='bbox 1655 4293 1742 4341; x_wconf 86' lang='lat' dir='ltr'>tus</span> <span class='ocrx_word' id='word_1_526' title='bbox 1762 4287 1978 4356; x_wconf 81' lang='lat' dir='ltr'>eburno,</span> <span class='ocrx_word' id='word_1_527' title='bbox 2000 4289 2116 4345; x_wconf 82' lang='lat' dir='ltr'>Nec</span> <span class='ocrx_word' id='word_1_528' title='bbox 2132 4291 2206 4342; x_wconf 84' lang='lat' dir='ltr'>sit</span> <span class='ocrx_word' id='word_1_529' title='bbox 2239 4291 2296 4342; x_wconf 86' lang='lat' dir='ltr'>in</span> <span class='ocrx_word' id='word_1_530' title='bbox 2314 4291 2559 4346; x_wconf 81' lang='lat' dir='ltr'>Attalico</span> <span class='ocrx_word' id='word_1_531' title='bbox 2580 4310 2724 4348; x_wconf 79' lang='lat' dir='ltr'>mars</span> 
     </span>
    </p>
   </div>
   <div class='ocr_carea' id='block_1_5' title="bbox 2972 2512 2982 3399">
    <p class='ocr_par' dir='ltr' id='par_1_8' title="bbox 2972 2512 2982 3399">
     <span class='ocr_line' id='line_1_102' title="bbox 2972 2512 2982 3399; baseline 0 0"><span class='ocrx_word' id='word_1_532' title='bbox 2972 2512 2982 3399; x_wconf 95' lang='lat' dir='ltr'> </span> 
     </span>
    </p>
   </div>
  </div>
 </body>
</html>
