3009 4942
828 388 990 439 nm.-
1024 391 1076 441 1.
1123 391 1289 445 cAr.
1330 377 1398 443 3.

311 521 525 579 berrimi
558 529 777 581 nominis
809 532 889 585 vir
931 534 1005 585 ita
1048 535 1211 585 deiis
1254 536 1383 600 egit,

312 610 372 653 ut
394 619 490 668 per
507 620 625 655 eum
644 607 817 657 Livius
841 624 941 667 non
981 610 1049 658 sit
1081 610 1134 659 in
1168 612 1379 673 histori-

312 679 405 741 εἰς,
427 694 595 744 neque
620 682 757 732 inter
780 681 1040 735 annalium
1057 688 1379 751 ,scriptorem

307 755 657 827 ⁸'l'acitumque
704 759 836 811 dicit
872 760 1168 827 ’ἐφημερίδας
1214 749 1380 828 scrip-

312 832 440 882 sisse
465 849 480 882 ι
538 835 672 885 adsit
722 836 821 886 sibi
873 839 1051 889 Livius
1100 854 1257 891 xmu.
1301 847 1380 892 13.

310 911 328 938 ‘
354 925 470 975 quae
488 911 541 959 in
560 927 700 962 meos
722 916 931 964 annales
953 917 1210 968 referam!
1244 921 1379 970 Nos-

311 991 394 1036 ter
421 995 615 1052 praeter
651 990 763 1040 haec
786 991 925 1043 Anu.
950 1008 1027 1045 ιν.
1060 997 1075 1023 ‘
1101 997 1205 1046 Sed
1230 997 1380 1051 tiemo

310 1065 525 1113 annales
558 1074 763 1117 nostros
786 1084 900 1119 cnm
923 1070 1180 1134 scriptura
1201 1087 1380 1124 eorum

310 1141 680 1192 contenderit!
759 1145 960 1210 Aperte
999 1149 1230 1202 ostendit
1268 1150 1378 1213 ἔφη·

304 1216 500 1281 μερίδας
517 1219 627 1268 sive
651 1219 816 1271 diaria
833 1223 937 1271 suis
955 1224 1221 1274 annalibus
1241 1225 1378 1275 haud

308 1294 591 1346 convenire
628 1296 765 1347 Ann.
804 1313 931 1349 xm.
971 1304 1053 1350 31.
1120 1302 1379 1352 Caeterum

307 1368 563 1434 imposuit
585 1374 917 1439 eloquentiss.
949 1378 1057 1427 viro
1088 1379 1378 1431 titulus‘co-

308 1447 446 1498 dicis
467 1450 660 1515 Veneti
675 1452 911 1502 actionum
932 1455 1241 1506 diurnalium.
1277 1457 1381 1506 Ve-

308 1539 424 1576 rum
448 1527 534 1576 cui
575 1529 909 1594 credendum,
942 1529 1120 1583 Tacito
1152 1549 1218 1583 an
1256 1535 1378 1585 scri-

307 1600 432 1651 bae?
462 1604 554 1665 sed
577 1619 798 1670 quonam
826 1607 881 1656 in
917 1609 1032 1659 loco
1055 1611 1272 1660 Tacitus
1295 1610 1380 1676 (ut

308 1678 356 1728 is
381 1677 480 1742 ait)
502 1695 617 1730 suas
655 1681 930 1747 ἐφημερίδας
964 1688 1235 1737 contendit
1257 1702 1377 1737 cum

306 1754 598 1819 annalibus,
620 1771 809 1824 easque
832 1775 941 1825 prae
975 1760 1076 1811 illis
1099 1763 1376 1828 habetpso

308 1831 613 1895 despectis?
646 1850 749 1884 non
769 1843 913 1887 certe
935 1838 1037 1901 hic,
1056 1842 1174 1905 ὅτε..
1198 1840 1378 1890 Scien-

305 1907 433 1958 dum
470 1918 554 1960 est
586 1914 767 1977 etiam,
806 1906 1150 1982 dialogistam,
1172 1917 1238 1969 de
1274 1934 1377 1984 quo

306 1985 457 2035 nobis
481 1988 641 2038 verba
663 1997 802 2059 sunt,
840 1991 1130 2056 disparasse
1160 1997 1378 2061 scripto.

305 2079 410 2128 res,
466 2067 553 2129 qui
601 2069 827 2132 plurium
882 2073 1146 2126 nationum
1200 2078 1377 2140 plures

302 2140 538 2192 actiones
576 2144 833 2210 scribunt,
865 2146 930 2198 ab
963 2149 1041 2217 iis,
1066 2152 1250 2215 quibus
1273 2169 1378 2204 una

306 2215 458 2266 unius
477 2218 644 2281 gentis
666 2222 993 2287 contexitur:
1030 2225 1376 2292 posteriorum

304 2286 697 2348 lucubrationes
718 2299 1048 2354 historiarum
1071 2305 1218 2368 dicit,
1240 2308 1376 2372 prio-

308 2361 448 2439 rung
466 2387 758 2439 sermones;
794 2382 1020 2445 exempli
1055 2385 1242 2448 gratia,
1269 2385 1376 2435 He-

307 2447 526 2499 rodotus
571 2450 621 2501 ei
664 2468 981 2523 sermonum,
1040 2460 1377 2525 Thucydides

303 2517 538 2576 historiae
572 2529 799 2594 scriptor
841 2541 936 2585 est.
1001 2537 1089 2586 De
1126 2538 1224 2588 hoc
1259 2553 1376 2590 cum

306 2614 373 2652 eo
397 2602 523 2654 mihi
558 2609 820 2669 convenit,
844 2617 899 2662 at
936 2627 1041 2663 non
1077 2611 1233 2664 facile
1256 2629 1377 2666 con·

305 2681 556 2732 cesserim
588 2682 827 2736 historias
864 2689 1123 2741 Herodoti
1148 2706 1379 2744 sermones

306 2759 598 2822 appellari:
671 2777 792 2813 nam
838 2766 880 2815 si
925 2782 991 2817 ex
1036 2757 1376 2834 inscriptione

305 2849 422 2884 rem
447 2837 705 2904 metimur,
724 2841 797 2891 nil
817 2843 997 2907 habet,
1036 2861 1139 2911 quo
1179 2863 1235 2898 se
1265 2864 1375 2898 mu·

302 2911 440 2962 niat.
472 2912 725 2978 Ἡροδότου
753 2918 1156 2986 Ἁλικαρνασσέως
1177 2923 1377 2990 ἱστορίαι

286 2991 395 3039 'vel
429 2989 687 3056 Ἡροδότου
718 2998 805 3045 τοῦ
818 2997 1223 3064 Ἁλικαρνασσέως
1247 3002 1376 3053 ἱστο-

303 3068 417 3131 ριῶν
459 3065 600 3132 λόγοι
654 3069 714 3136 θ’,
759 3073 1122 3140 ἐπιγραφόμενοι
1169 3081 1373 3132 Μοῦσαι.

301 3143 523 3197 Etenim
556 3143 707 3210 λόγος
737 3148 811 3199 ibi
841 3153 914 3202 nil
938 3154 1077 3204 aliud
1098 3154 1377 3220 significat,

304 3235 464 3286 quam
480 3222 673 3288 librum,
690 3232 748 3275 ut
764 3228 888 3278 κατὰ
896 3228 981 3280 τὸν
992 3227 1193 3294 ἕβδομον
1207 3233 1376 3298 λόγον,

303 3296 341 3348 i.
388 3297 525 3349 libro
570 3303 808 3366 septimo.
881 3307 1002 3357 Nec
1046 3309 1097 3359 ei
1142 3312 1376 3374 prodest,

304 3376 449 3443 quod
462 3376 793 3444 Thucydides
815 3398 992 3434 omnes
1012 3393 1134 3437 ante
1156 3403 1213 3439 se
1236 3388 1379 3439 dixe·

304 3454 378 3502 rit
399 3452 753 3522 λογογράφους,
787 3474 887 3508 non
925 3461 1225 3527 λογοποιοὺς,
1258 3464 1380 3530 quia

305 3538 590 3597 utrumqne
613 3548 797 3585 nomen
835 3544 917 3587 est
949 3539 1207 3591 historicis
1239 3557 1379 3592 com-

305 3622 483 3671 mune,
500 3615 557 3658 et
580 3617 797 3676 utroque
814 3614 1181 3666 discernuntur
1202 3632 1233 3667 a
1256 3617 1378 3682 po‘e-

306 3680 427 3737 tis.‘
489 3687 607 3737 Nec
644 3689 733 3739 ille
771 3692 1080 3762 alioversum
1131 3708 1196 3744 ea
1225 3696 1378 3762 dixit,

285 3779 465 3833 ,quam
500 3773 561 3816 ut
602 3770 908 3834 suggillaret
945 3774 1249 3838 scriptores,
1288 3775 1378 3840 qui

303 3840 512 3893 fabulas
533 3845 759 3895 historiis
779 3847 1091 3902 inserebant.
1124 3851 1226 3901 Sed
1251 3853 1375 3918 quid

304 3934 429 3970 usus
472 3922 815 3974 velitatione?
885 3925 1006 3981 audi
1049 3930 1269 3978 eundem
1309 3929 1376 3979 de

303 4000 412 4049 suis
437 4001 677 4064 scriptis:
711 4001 962 4066 Ἡροδότου
979 4005 1380 4072 Ἀλικαρνασσήος

305 4077 517 4142 ἱστορίης
545 4079 755 4144 ἀπόδεξις
782 4082 882 4142 ἥδε.
949 4086 1272 4136 Postremum
1311 4101 1378 4135 ne

279 4154 436 4219 ·quid
478 4154 811 4223 dissimulem,
834 4169 917 4209 est
952 4161 1073 4213 alibi
1102 4162 1377 4213 Herodoto

305 4231 512 4283 mentio
553 4233 716 4298 λόγων
766 4238 1038 4304 Ἀσζσυρίων,
1102 4250 1157 4297 Qt
1218 4239 1379 4302 λόγων

306 4315 542 4372 Λιβυκῶν.
593 4296 699 4367 Sed
720 4318 1093 4386 eosignificatu
1112 4336 1215 4387 quo
1237 4325 1379 4386 apud

1421 763 1428 785 ³
1453 768 1558 817 dub

1446 320 2009 448 His'ro'msnffiu.
2343 385 2518 457 41oe

1445 538 1670 589 Latinos
1690 539 1899 600 dicitur.
1952 541 2067 594 Liv.
2102 543 2138 594 l.
2169 550 2332 597 xxix.
2363 545 2380 574 ‘
2401 546 2521 607 cto.-

1454 614 1572 665 dius
1613 617 1855 669 Licinius·
1880 620 1934 668 in
1968 619 2103 670 libro
2151 621 2307 670 tertio
2347 636 2516 681 rerum

1558 762 1567 769 ⁴
1624 769 1922 833 <profectum
1941 777 2038 821 est.
2076 772 2291 822 Hieron.
2318 774 2369 823 in
2388 775 2523 837 Prof-

1452 846 1557 909 log.
1579 848 1768 910 galeat.
1801 847 1818 875 ‘
1842 848 2021 898 Verba
2036 848 2152 907 ¹sive
2186 864 2269 900 res
2296 850 2516 905 dierum·

1453 923 1607 975 Quod
1640 923 2016 987 significantius
2045 925 2318 987 chronicon
2355 927 2516 991 totius

1449 986 1886 1052 ‚divinaehistoriae
1920 1016 2190 1067 possumus
2213 978 2531 1084 aprgQ‘
2546 978 2671 1087 ψρξ’·
2724 1004 2729 1011 ’
2762 1050 2767 1057 ,
2806 1004 2811 1013 ’

1443 1077 1733 1128 Salinen'us·
2183 1069 2194 1086 '
2484 1108 2495 1137 ι

1521 1155 1620 1211 Qui
1636 1156 1901 1220 plerumque
1911 1155 2116 1216 fortuiti
2137 1156 2270 1223 sunt]
2286 1216 2289 1221 y
2303 1157 2528 1217 Nullum

1450 1213 1554 1296 hic,
1586 1248 1701 1284 meo
1737 1233 1958 1300 judicio,
1994 1236 2142 1285 ulcus
2167 1242 2395 1297 tectum;
2432 1249 2522 1287 nc·
2591 1224 2607 1238 ⁶

1452 1309 1573 1360 dum
1597 1317 1655 1362 ut
1678 1311 1903 1363 immissa
1935 1313 2209 1376 negatione
2244 1313 2404 1363 scribi
2434 1311 2522 1371 de·

1451 1387 1601 1448 beat3
1628 1388 1755 1436 nihil
1782 1389 1918 1438 enim
1940 1388 2265 1454 longinquius
2289 1404 2321 1438 a
2342 1393 2518 1453 mente

1439 1464 1712 1515 auctoris:
1770 1481 1888 1531 quae
1931 1466 2063 1527 vult,
2108 1480 2175 1514 ex
2217 1464 2425 1529 casibus
2462 1470 2521 1514 et

1432 1544 1643 1603 {eventu
1682 1557 1854 1592 rerum
1904 1557 2010 1593 non
2054 1542 2257 1608 adquiri
2295 1542 2530 1615 prudens

1432 1618 1582 1683 ¹tiam
1618 1620 1855 1681 civilem3
1899 1634 2015 1670 cum
2055 1634 2117 1669 ea
2153 1617 2265 1669 fere
2297 1632 2401 1668 non
2437 1631 2522 1687 re-

1450 1682 1745 1758 spondeant
1767 1695 2052 1747 rationibus
2075 1695 2181 1747 suis
2204 1710 2267 1746 ac
2289 1695 2480 1745 caussis
2496 1694 2555 1757 ς’*

1452 1785 1618 1837 eaque
1672 1778 1889 1837 propter
1931 1773 2070 1838 ipsas
2114 1772 2246 1854 ‚illas
2289 1772 2518 1823 curatius
2610 1810 2621 1825 .

1451 1849 1839 1913 persequendas
1877 1848 2160 1900 historico:
2195 1849 2391 1914 hocque
2420 1853 2522 1917 est,

1451 1925 1589 1989 qnod
1631 1926 1820 1975 iterum
1863 1927 2094 1977 inculcat
2132 1925 2271 1975 Ann.
2316 1938 2407 1976 nr.-
2434 1928 2518 1983 33.

1450 2006 1465 2030 ⁶
1487 2002 1619 2052 Haec
1659 2002 1895 2068 conquiri
1927 2001 2169 2075 tradique
2187 2002 2240 2050 in
2264 2016 2376 2052 rem
2406 1998 2519 2050 fue-

1454 2078 1552 2143 rit,‚’·
1574 2084 1674 2129 διο.
1741 2080 1879 2128 Hinc
1897 2078 2164 2129 excusatio
2180 2078 2259 2128 M.
2284 2076 2522 2142 'terentii
2573 2127 2576 2130 ,

1449 2155 1591 2219 apud
1627 2154 1848 2206 eundem
1893 2153 2028 2216 Anu.
2069 2154 2105 2203 l.
2130 2168 2208 2204 vr.
2242 2154 2259 2182 ‘
2283 2155 2404 2204 Non
2439 2156 2521 2203 est

1450 2238 1684 2282 nostrum
1711 2230 1990 2295 aestimare,
2014 2245 2168 2296 quem
2191 2245 2350 2297 supra
2364 2235 2522 2283 caete·

1450 2323 1538 2358 ros
1584 2314 1641 2359 et
1684 2308 1873 2374 quibus
1915 2306 1982 2358 de
2024 2284 2221 2358 ca‘ii‘ssis
2259 2305 2519 2357 extollas?

1451 2384 1585 2436 Inde
1631 2387 1788 2436 etiam
1834 2376 2063 2436 securius
2110 2389 2296 2448 gravat
2336 2383 2520 2435 Sueto·

1450 2463 1593 2514 nium
1631 2463 1803 2514 Julius
1832 2462 2184 2523 Cassicianus3
2202 2462 2239 2527 ,ὅ
2260 2461 2407 2526 cujus
2429 2460 2518 2510 ad·

1452 2558 1622 2606 versa,
1647 2542 1898 2607 pravitati
1929 2542 2123 2606 ipsius;
2163 2552 2429 2605 prospera,
2452 2536 2521 2588 ad

1451 2619 1715 2669 fortunam
1754 2618 1886 2683 reip.
1930 2613 2228 2677 referebat,'
2262 2620 2322 2663 ut
2352 2613 2519 2679 loqui·

1451 2702 1540 2746 tur
1576 2701 1757 2745 noster
1797 2693 1934 2746 Anu.
1968 2707 2086 2745 xlv·
2110 2695 2192 2744 38.
2257 2689 2516 2756 Egregius

1451 2774 1596 2823 locus
1617 2779 1698 2821 est
1721 2772 1840 2822 Val.
1880 2770 2099 2822 Maximi
2130 2783 2216 2820 111.
2243 2772 2293 2820 8.
2328 2767 2520 2819 ‘Blan-

1433 2852 1575 2903 dum
1613 2852 1837 2905 animum
1877 2864 2002 2900 sane
2047 2846 2331 2900 temeritati
2370 2858 2519 2895 casus

1431 2927 1601 2993 ⁶facit,
1646 2929 1733 2980 ubi
1773 2942 1940 2995 pravo
1995 2925 2211 2978 consilio
2264 2922 2520 2989 propitius

1451 3007 1717 3071 adspirat;
1760 3011 1817 3056 et
1870 3019 1971 3070 quo
2025 3001 2383 3053 vehementius
2428 3014 2520 3050 no·

1451 3093 1590 3152 ceat‚
1632 3085 1941 3150 insperatius
1982 3081 2236 3148 prodest.’
2282 3120 2287 3127 1
2315 3080 2385 3130 Et
2419 3078 2520 3166 hoe

1451 3169 1744 3230 spectatum
1767 3162 1923 3212 etiam
1945 3158 2107 3209 fuisse
2129 3156 2323 3218 Paenis,
2347 3153 2520 3220 prodi·

1452 3249 1561 3293 tum
1585 3241 1753 3292 eidem
1774 3238 1985 3289 Valerio
2008 3251 2071 3287 ιι.
2096 3240 2145 3287 8.
2185 3235 2381 3284 Verum
2403 3231 2517 3281 haee

1452 3318 1764 3371 reservanda
1808 3321 1960 3365 erant
2012 3311 2267 3375 Diatribis
2308 3307 2519 3372 nostris,

1452 3394 1864 3461 exspatiantibus
1907 3405 2062 3443 cursu
2102 3385 2298 3438 effreno
2327 3384 2395 3434 ad
2426 3384 2519 3433 illa

1454 3473 1681 3524 Cornelii
1703 3471 1846 3522 Hist.
1870 3483 1934 3519 11.
1955 3472 2039 3518 25.
2070 3465 2087 3494 ⁶
2112 3467 2398 3516 Cunctator
2426 3475 2518 3510 na·

1453 3555 1573 3599 tura
1605 3547 1902 3610 Suetonius,
1933 3552 1990 3595 et
2026 3543 2111 3594 cui
2156 3545 2312 3591 cauta
2343 3537 2517 3604 potius

1452 3625 1671 3676 consilia
1691 3639 1808 3675 cum
1846 3623 2066 3682 ratione,
2088 3634 2244 3684 quam
2267 3629 2518 3700 prospera

1453 3718 1521 3753 ex
1542 3701 1702 3754 casu?
1741 3702 1996 3751 Gruterus.
2032 3698 2151 3748 Hoc
2175 3703 2273 3757 est,
2292 3692 2515 3744 fortune

1451 3764 1671 3829 arbitrio‘
1688 3778 1821 3828 bene
1841 3776 1924 3826 vel
1944 3774 2077 3823 male
2101 3770 2401 3823 succedunt.
2434 3768 2518 3821 Ex

1451 3855 1516 3905 iis
1537 3869 1658 3917 ergo
1671 3853 1901 3919 judicari
1921 3866 2021 3901 non
2047 3853 2261 3914 possunt
2287 3842 2519 3908 consilia,

1453 3931 1547 3983 sed
1571 3931 1624 3980 in
1657 3932 1733 3979 his
1750 3945 1866 3978 cum
1903 3926 2169 3991 praecipua
2188 3923 2263 3972 vis
2284 3921 2352 3971 sit
2375 3918 2519 3969 Poli-

1453 4015 1577 4062 ticae
1600 4008 1906 4075 prudentias,
1929 4020 2081 4071 quam
2109 4002 2330 4052 maxime
2353 3996 2517 4064 tradit

1451 4089 1538 4137 hic
1561 4095 1763 4148 auctor,
1786 4084 2010 4138 rationes
2030 4081 2185 4129 etiam
2210 4079 2367 4151 atq'ue
2391 4088 2513 4125 cau-

1450 4181 1534 4216 sas
1568 4179 1739 4214 rerum
1776 4159 2108 4226 exponendas
2129 4156 2230 4206 sibi
2258 4151 2478 4204 credidit
2497 4166 2514 4201 ε

1453 4244 1648 4293 ιιιιΙῙιιιιι
1669 4254 1795 4305 ergo
1831 4238 1917 4288 hic
1955 4236 2100 4286 ulcus
2123 4243 2391 4297 agnoscam
2413 4240 2515 4277 nec

1452 4323 1622 4386 legam
1655 4332 1774 4371 cum
1804 4315 1920 4367 viro
1940 4312 2154 4366 doctiss.
2191 4307 2275 4376 qui
2305 4308 2513 4375 plerum-

1442 690 1844 819 Ro‘mgnarumt’
1868 694 2007 760 quod
2027 697 2092 745 ab
2118 697 2553 757 Hebroeisffiauds
2582 726 2589 731 -

2633 1102 2665 1125 Q·
