3009 4942
1122 426 1340 481 No‘rae
1385 424 1792 477 vammum
1841 424 1920 473 m

718 832 878 909 DE
955 825 1659 909 ORATORIBUS
1740 819 2337 901 DIALOGUS.

525 1093 624 1154 Qui
661 1092 722 1143 ab
763 1092 878 1142 eliis
919 1093 979 1141 C.
1013 1089 1200 1152 Tacito]
1250 1088 1281 1119 '⁵
1333 1088 1501 1139 Paulo

437 1179 557 1238 post
579 1171 739 1233 idem,
756 1170 771 1196 ‘
798 1169 849 1221 in
875 1167 1144 1217 Britannia
1166 1164 1326 1217 fuisse
1348 1164 1499 1217 sese.’

438 1250 700 1317 Caeterum
743 1246 1023 1296 dolendum
1059 1252 1142 1295 est
1179 1244 1316 1295 hunc
1355 1243 1500 1294 libel-

437 1326 542 1377 lum
566 1332 671 1376 tam
694 1338 808 1377 esse
826 1329 1144 1387 corruptum.
1193 1321 1362 1374 Quem
1379 1320 1500 1370 dum

435 1416 703 1467 percurro,
742 1401 970 1450 luctatus
1008 1414 1120 1448 sum
1158 1398 1327 1448 obiter
1380 1412 1500 1448 cum

435 1479 656 1529 mendis.
699 1479 894 1527 Verum
920 1475 1109 1527 alicubi
1128 1474 1379 1525 successit
1402 1488 1505 1539 res,

436 1557 627 1610 alicubi
645 1555 770 1606 nihil
783 1553 1062 1606 divinando
1077 1554 1318 1620 consequi
1334 1553 1503 1617 potui,

438 1648 606 1699 neque
647 1632 784 1682 enlm
825 1638 941 1682 erat
983 1631 1248 1695 exemplar
1294 1629 1504 1694 aliquod

439 1708 693 1759 vetustius
728 1722 844 1758 cum
880 1721 982 1771 quo
1016 1703 1323 1756 conferrem.
1378 1704 1504 1755 the-

440 1801 551 1836 ιαιι.
615 1785 937 1849 Scripseram
970 1791 1093 1833 ante
1117 1797 1276 1833 annos
1295 1789 1417 1833 octo
1438 1781 1505 1832 ad

443 1858 1504 1923 veterumJuriseonsultorumfragmenta,

442 1937 689 1999 libentius
725 1952 808 1986 me
851 1937 986 1986 hunc
1025 1935 1216 1987 librum
1254 1937 1331 1986 Μ.
1355 1935 1505 1986 Fabii

447 2014 749 2067 Quintiliani
784 2013 849 2063 de
890 2012 1080 2062 caussis
1116 2018 1374 2077 corrupta
1398 2012 1503 2063 clo·

447 2092 674 2157 quentiae
697 2091 1083 2156 inscripturum.
1150 2089 1306 2143 Quod
1336 2097 1395 2141 et
1431 2104 1509 2140 sa·

449 2170 718 2235 gacissimo
770 2168 1260 2233 elegantissimoque
1330 2166 1512 2231 Lipsio

450 2247 610 2298 visum
649 2253 747 2296 est.
813 2246 987 2308 Nunc,
1019 2253 1080 2294 ut
1101 2259 1278 2295 verum
1320 2242 1510 2308 fatear,

447 2325 635 2376 Tacito
681 2324 851 2389 potius
896 2324 1228 2386 adseruerim,
1265 2329 1515 2388 sequutus

451 2416 553 2454 non
593 2402 744 2453 modo
783 2402 1057 2466 Pomponii
1089 2402 1284 2464 Sabini,
1328 2402 1424 2451 sed
1457 2408 1514 2452 et

452 2479 676 2531 omnium
723 2477 1088 2542 exemplarium
1139 2477 1311 2528 fidem.
1394 2478 1514 2529 Nec

451 2570 534 2605 me
564 2555 678 2622 jam
716 2554 825 2605 stili
858 2555 991 2605 ratio
1024 2569 1188 2620 nsque
1221 2569 1284 2605 eo
1321 2560 1517 2618 movet,

453 2648 571 2683 cum
604 2633 760 2683 sciam
782 2647 878 2696 pro
900 2639 1057 2683 aetate
1079 2632 1235 2683 facile
1257 2647 1416 2697 genus
1437 2633 1516 2684 di-

455 2709 607 2759 cendi
651 2709 867 2759 mutari:
903 2714 960 2758 et
998 2709 1134 2775 quod
1173 2709 1519 2760 adolescentis

454 2783 560 2835 fuit
598 2786 790 2846 laetum,
827 2786 1115 2850 luxurians,
1155 2785 1417 2849 profluens
1455 2801 1518 2837 ac

454 2861 712 2927 floridum,
733 2863 869 2915 senis
889 2863 1001 2914 fieri
1030 2864 1309 2928 concisum,
1343 2865 1523 2929 breve,

458 2953 636 3003 grave,
675 2939 902 2993 sobrium
937 2954 1000 2990 ac
1044 2946 1336 2993 maturum:
1370 2943 1523 3007 quale

457 3015 615 3079 ipsius
637 3015 914 3065 Annalium
948 3023 1005 3066 et
1043 3017 1391 3070 Historiarum
1429 3026 1527 3083 est,

456 3092 524 3142 ad
568 3107 686 3156 quae
741 3091 1017 3142 scribenda
1058 3093 1170 3156 jam
1214 3108 1372 3144 senex
1428 3096 1525 3147 sub

459 3167 641 3218 Nerva
681 3167 905 3218 animum
948 3169 1172 3234 appulit.
1258 3170 1325 3223 In
1368 3171 1526 3238 hujus

461 3250 631 3294 autem
663 3243 855 3308 dialogi
885 3244 1114 3311 editione
1136 3256 1331 3310 praeter
1353 3262 1528 3301 exem·

458 3321 574 3386 plar
596 3321 651 3375 in
674 3322 832 3372 Italia
853 3329 974 3374 aute
1012 3323 1211 3388 aliquot
1245 3338 1405 3376 annos
1439 3325 1530 3376 de-

462 3399 736 3464 scriptum,
774 3399 997 3449 maximo
1032 3400 1182 3451 nobis
1227 3401 1527 3468 adjumento

462 3474 565 3525 fuit
586 3476 749 3541 Lipsii
773 3476 937 3528 nostri
956 3475 1244 3542 diligentia,
1265 3479 1354 3544 qui
1373 3479 1451 3529 sui
1474 3480 1530 3530 in

457 3555 695 3606 Tacitum
718 3555 1074 3611 commentarii
1107 3555 1246 3619 apud
1278 3570 1372 3606 nos
1395 3555 1532 3611 desi·

464 3631 610 3681 derio
634 3645 888 3696 uunquam
910 3631 1009 3681 nisi
1030 3645 1148 3682 sero
1170 3631 1531 3687 satisfacturus

463 3716 564 3763 est.
604 3710 836 3762 Pusam.
901 3708 1432 3774 Superioribuslibris
1452 3713 1533 3763 lu-

463 3802 579 3843 cem
602 3787 825 3852 aliquam
846 3784 1101 3838 industris
1120 3794 1300 3840 nostra
1322 3791 1527 3841 attulit:

465 3864 606 3928 huic,
649 3877 772 3914 vere
810 3877 1020 3931 possum
1060 3862 1255 3927 dicere,
1289 3865 1530 3917 salutem.

466 3945 603 3995 Nam
625 3957 743 3995 cum
764 3940 1218 4007 depravatissimus
1250 3942 1404 4006 vulgo
1433 3943 1532 4013 cir·

466 4018 832 4084 cumferretur,
849 4020 991 4076 nulla
1014 4021 1203 4086 pagins
1220 4021 1334 4073 sine
1354 4021 1532 4076 vulne·

466 4113 526 4149 re
541 4106 595 4148 et
611 4098 780 4149 vibice
799 4112 816 4160 ς
845 4096 1151 4151 admirabile
1167 4106 1269 4164 est,
1280 4106 1532 4164 quantum

462 4190 503 4233 ‚u
525 4175 840 4239 Famesiano
874 4175 1057 4226 codice
1085 4176 1230 4241 (nam
1264 4176 1533 4228 Vaticanis

470 4250 677 4316 aberat)
714 4253 767 4303 in
800 4266 864 4303 eo
897 4253 1126 4307 sanando
1162 4255 1320 4307 simus
1349 4254 1535 4320 adjuti.

472 4326 632 4379 Multi
660 4327 833 4381 hiatus
863 4329 1086 4399 expleti,
1124 4331 1283 4397 verbs
1303 4338 1361 4385 et
1381 4332 1536 4388 linens

1580 1084 1799 1150 integrm
1830 1084 2067 1144 insertae,
2091 1079 2301 1132 centeni
2323 1076 2523 1143 aliquot
2541 1072 2647 1125 lod

1580 1161 1791 1230 (Latine
1835 1175 1935 1210 non
1962 1159 2187 1209 oratorie
2226 1151 2438 1221 loquor)
2472 1165 2647 1203 emen-

1580 1239 1711 1289 dati.
1757 1239 2010 1291 ,Quorum
2033 1236 2258 1286 omnium
2277 1244 2549 1282 numerum
2572 1228 2648 1277 in·

1580 1315 1656 1367 ire
1698 1322 1788 1366 aut
1822 1316 2052 1379 longum,
2094 1319 2183 1363 aut
2233 1321 2609 1374 supervacuum
2631 1322 2650 1355 ι

1581 1393 1911 1455 moderabor,
1928 1399 1984 1442 et
2004 1393 2061 1442 in
2080 1391 2156 1440 his
2184 1388 2338 1439 Notis
2358 1400 2422 1436 ea
2442 1385 2649 1443 saltem,

1582 1475 1680 1524 διε.
1703 1470 1733 1500 *
1781 1466 1988 1534 Lipsius.
2049 1468 2079 1497 ³
2101 1466 2299 1531 reliqua
2331 1477 2455 1513 vero
2479 1459 2654 1512 verbis

1583 1563 1759 1599 eorum
1781 1546 1962 1609 refert,
1979 1560 2106 1612 quos
2128 1545 2225 1594 hoc
2243 1558 2358 1607 cap.
2377 1542 2654 1605 loquentes

1585 1626 1806 1690 inducit,
1851 1638 2066 1689 quorum
2104 1634 2366 1682 numeros,
2405 1615 2656 1674 rationes,

1586 1704 1760 1755 stilum
1801 1702 1934 1754 serio
1977 1714 2033 1752 se
2077 1698 2302 1749 inuitasse
2357 1693 2652 1761 profitetur.

1586 1781 1742 1833 Unde
1765 1779 1888 1847 quid
1905 1778 2048 1842 novi,
2062 1776 2104 1826 si
2124 1772 2396 1826 Cornelius
2416 1770 2499 1819 hic
2523 1769 2657 1817 alius

1586 1874 1618 1910 a
1633 1873 1691 1908 se
1706 1856 1942 1910 videtur?
1977 1855 2118 1905 dicat
2134 1849 2345 1902 doctiss.
2360 1847 2459 1908 vir,
2476 1842 2655 1895 similis

1584 1952 1650 1989 ne
1682 1937 1761 1987 soi
1795 1937 1883 1999 sit,
1916 1933 2039 1984 dum
2075 1934 2128 1982 in
2167 1927 2339 1981 Satira
2368 1924 2661 1987 Menippea

1590 2014 1839 2066 Ovidium
1856 2013 1965 2063 sive
1985 2012 2287 2061 Ciceronem
2303 2003 2451 2055 nobis
2464 2016 2660 2065 reprae-

1588 2093 1795 2145 acutat?
1822 2107 1921 2142 nec
1958 2105 2020 2140 se
2059 2087 2325 2140 Cornelius
2346 2082 2477 2134 adeo
2511 2078 2659 2129 dissi-

1589 2170 1789 2222 mulare
1827 2168 2019 2235 potuit,
2040 2173 2102 2216 ut
2136 2165 2289 2215 solita
2308 2176 2399 2211 sua
2421 2158 2520 2209 sibi
2551 2157 2661 2206 dic-

1592 2250 1732 2300 tione
1749 2249 1987 2314 proditus
2011 2262 2113 2297 non
2135 2246 2203 2296 sit
2231 2242 2368 2295 Anu.
2401 2254 2504 2292 xu.
2544 2239 2561 2267 ‘
2586 2237 2660 2286 in-

1592 2340 1676 2376 ers
1698 2326 1869 2376 ocium
1891 2320 2213 2374 oblectaret.’
2279 2317 2477 2369 Eadem
2513 2315 2663 2380 phra-

1593 2402 1661 2453 sis
1685 2403 1736 2452 h.
1758 2402 1851 2453 lib.
1868 2416 1987 2466 cap.
2010 2405 2091 2450 1⁰.
2137 2400 2207 2449 Et
2222 2395 2359 2448 Ann.
2382 2396 2417 2446 l.
2442 2408 2519 2444 tv.
2543 2392 2559 2417 ‘
2584 2390 2662 2442 illi

1590 2480 1924 2545 magistratus
1945 2485 2002 2529 et
2022 2478 2272 2541 primores
2302 2473 2391 2540 qui
2415 2479 2468 2524 te
2497 2469 2664 2522 invito

1592 2557 1971 2626 perrumpunt.'
1993 2556 2192 2608 Eadem
2207 2555 2257 2604 h.
2273 2551 2362 2603 lib.
2384 2568 2432 2602 c.
2446 2554 2527 2619 ll.
2551 2549 2567 2577 ‘
2582 2561 2664 2597 me

1595 2638 1805 2689 uolente
1826 2637 1879 2687 iu
1898 2636 2105 2686 domum
2125 2644 2290 2683 meam
2311 2630 2611 2692 irruperunt
2628 2622 2665 2683 ς’

1597 2722 1655 2765 et
1670 2714 1774 2764 alia
1794 2719 2060 2764 sexcenta.
2125 2708 2309 2774 Addit,
2328 2713 2455 2757 setas
2476 2718 2665 2769 repug-

1601 2798 1725 2842 nat:
1761 2789 2051 2856 praesertim
2076 2802 2195 2838 cum
2221 2789 2485 2846 nascatur,
2517 2778 2665 2837 δια·

1601 2867 1880 2919 Saliares-ius.

1668 2944 1806 2995 CAP.
1846 2948 1896 2993 1.
1962 2943 2168 2993 Deserta
2211 2944 2259 2990 et
2300 2939 2437 2988 laude
2480 2930 2671 2996 orbata]

1603 3025 1782 3086 Forte,
1800 3023 1981 3083 defectu
2003 3038 2060 3073 ea
2076 3023 2210 3072 laude
2232 3025 2281 3070 et
2301 3019 2490 3069 orbata.
2515 3015 2671 3079 ‚Gro-

1603 3114 1805 3151 novius.

1671 3179 1805 3229 Male
1822 3178 2189 3229 existimmimn
2222 3174 2312 3238 sit]
2359 3171 2552 3237 Aptius
2586 3168 2669 3219 hic

1607 3254 1825 3318 affirmo,
1846 3255 1984 3320 quod
2007 3256 2157 3305 Rom.
2180 3252 2361 3315 habet,
2394 3248 2670 3300 existiman-

1604 3332 1719 3383 dum
1749 3331 1964 3382 nubem.
2043 3329 2198 3382 Qitod
2240 3328 2449 3393 Lipsius
2487 3322 2674 3387 edidit,

1606 3410 1757 3461 nimis
1796 3411 1903 3460 late
1936 3406 2179 3460 diffundit
2210 3406 2277 3456 ad
2314 3417 2527 3455 omnes:
2573 3401 2671 3451 boc

1606 3494 1839 3538 nostrum
1874 3486 2130 3551 adipsum
2160 3483 2284 3534 libri
2306 3489 2572 3535 auctorem
2596 3492 2672 3539 re-

1608 3565 1820 3629 stringit
1840 3563 2175 3624 sententiam,
2210 3567 2269 3612 ut
2290 3559 2471 3610 debet.
2537 3557 2671 3609 Nam

1609 3641 1680 3692 de
1723 3657 1780 3693 se
1823 3641 1932 3693 solo
1980 3640 2240 3706 loquitur:
2295 3639 2422 3689 Tam
2475 3648 2673 3703 msgnae

1609 3717 1909 3783 questionis
1942 3717 2141 3782 pondus
2173 3714 2419 3780 excipere
2453 3727 2557 3763 nou
2589 3725 2676 3761 au·

1610 3795 1806 3849 deren.
1871 3795 1955 3846 De
1975 3793 2220 3860 loquendi
2251 3791 2364 3855 ipso
2387 3804 2578 3854 genere
2597 3801 2678 3848 res

1609 3871 1771 3925 facta.
1804 3871 1988 3929 Utitur
2007 3872 2092 3921 hic
2113 3874 2296 3921 auctor
2309 3867 2544 3918 omnibus
2567 3864 2677 3917 fere

1609 3950 1761 4016 hujus
1781 3949 1944 4001 libelli
1965 3946 2184 4014 paginis.
2226 3946 2420 3997 Acidul.

1677 4027 1910 4079 Diversus
1937 4027 2014 4075 vel
2043 4025 2249 4083 eosdm,
2282 4023 2363 4072 sed
2395 4017 2681 4086 probabiles]

1607 4104 1733 4157 Jam
1769 4102 1893 4155 olim
1930 4100 2242 4151 damnarunt
2282 4099 2376 4148 has
2417 4110 2571 4147 voces
2609 4095 2681 4151 vel

1613 4181 1797 4230 καὶαι
1819 4177 2025 4243 Lipsius
2046 4182 2106 4226 et
2126 4175 2385 4238 Muretus,
2413 4169 2682 4236 superesse

1616 4269 1703 4307 eas
1723 4253 1978 4305 arbitrati.
2024 4253 2188 4302 Plane
2210 4250 2437 4317 arbitrer
2461 4248 2535 4298 ita
2558 4261 2681 4312 quo·

1615 4345 1718 4400 que
1747 4322 1878 4397 ipse,
1896 4327 1997 4382 nisi
2018 4325 2154 4379 forte
2176 4340 2243 4379 ex
2261 4325 2324 4377 iis
2346 4316 2648 4395 mutandum
2663 4338 2681 4374 ι
