3009 4942
759 448 903 500 ms.
955 446 1099 499 xii.
1147 449 1311 500 oAr.
1356 428 1953 500 &ausanium

273 586 526 660 equitibus
566 592 810 644 Romanis
846 600 935 644 aut
971 593 1171 644 libertis
1208 609 1324 658 per-

267 672 439 721 ·misit:
507 686 536 720 e
594 670 777 734 quibus
827 669 1082 720 Antonius
1137 671 1322 722 Felix!

261 747 469 797 ‘Uxores
513 748 633 796 milii
682 754 788 808 tres
830 763 1027 798 sorores
1068 749 1252 798 habuit
1294 763 1323 798 e

271 824 440 889 Cypro
497 840 654 874 uxore
700 824 953 890 Agrippas
997 828 1152 891 regis,
1196 826 1325 877 filias

269 903 469 951 scilicet
506 902 829 963 Berenicem,
870 903 1229 968 Mariamnem‚
1271 912 1326 954 et

265 977 561 1041 Drusillam,
587 979 733 1042 cujus
773 986 828 1027 et
863 979 1010 1027 divus
1035 981 1200 1030 Lucas
1221 996 1325 1031 me·

267 1056 412 1105 minit
436 1056 487 1103 in
509 1054 654 1104 Actis
671 1053 1037 1118 Apostolorum
1051 1061 1133 1105 24.
1149 1072 1324 1121 quam·

267 1130 446 1182 'obrem
468 1131 748 1181 Suetonius
785 1131 838 1180 iu
880 1132 1065 1181 Claud.
1097 1137 1182 1182 28.
1232 1135 1326 1182 Fe-

265 1211 414 1259 licem
471 1209 724 1272 appellat‚
776 1210 792 1236 ‘
824 1209 975 1258 trium
1031 1210 1326 1272 reginarum

265 1284 537 1336 maritum!
579 1283 876 1333 Vertranius.
931 1284 1047 1335 Hoc
1072 1282 1327 1335 cominen-

268 1366 371 1412 tum
412 1376 611 1410 merum
634 1360 896 1410 Vertranii
935 1367 1033 1412 est.
1099 1364 1162 1412 Iu
1204 1363 1327 1412 Sue·

268 1441 389 1489 tduii
428 1439 547 1488 loro
584 1446 703 1488 sunt
742 1439 1042 1501 etiamnum,
1088 1456 1204 1505 quae
1243 1454 1327 1490 me

269 1518 414 1566 valde
448 1517 678 1567 reddunt
731 1515 959 1569 dubium.
1023 1519 1193 1584 Epist.
1243 1523 1327 1569 2⁷.

269 1595 524 1660 Rupertus.

331 1675 479 1723 Haud
524 1673 887 1740 obtemperatum
926 1675 1066 1740 esset]
1112 1676 1198 1726 De
1231 1676 1327 1726 hac

269 1752 442 1802 eadem
469 1753 674 1803 saevitia
705 1754 895 1804 Felicis
919 1754 1052 1803 idem
1079 1755 1231 1804 Corn.
1258 1755 1330 1804 in·

268 1825 347 1879 fra
371 1829 512 1878 Hist.
531 1844 588 1879 v.
613 1834 662 1878 9.
716 1830 823 1880 Sed
845 1831 986 1880 loeus
1009 1832 1094 1879 hic
1117 1846 1328 1895 corrup-

270 1910 348 1954 tus
389 1911 504 1955 est:
560 1920 679 1955 nam
723 1907 869 1969 illud,
925 1910 1142 1971 Cognita»
1184 1911 1331 1958 caedes

269 1982 376 2043 eius,
401 1996 501 2031 nou
523 1983 700 2043 habet,
725 1999 826 2053 quo
863 1999 920 2033 se
958 1984 1181 2035 referat:
1221 1992 1331 2035 tan·

270 2065 372 2109 tum
393 2061 525 2110 enim
556 2061 723 2124 abest,
748 2067 808 2111 ut
828 2063 1028 2111 occisus
1054 2061 1212 2112 fuerit
1234 2065 1330 2112 Fe-

267 2136 355 2199 lix,
394 2144 453 2187 ut
493 2138 670 2202 potius
693 2153 845 2187 causa
882 2139 1107 2202 cognita,
1131 2140 1330 2188 absolu-

270 2220 348 2265 tus
364 2214 967 2278 interjudicesffsederit:
1017 2216 1152 2281 quod
1174 2217 1332 2280 paulo

269 2297 384 2356 post
423 2292 585 2341 Corn.
622 2291 796 2341 tradit.
864 2289 1076 2341 Referri
1111 2306 1233 2341 vero
1263 2292 1327 2341 ad

270 2374 461 2417 motum
485 2367 705 2430 factum,
736 2368 858 2418 dum
895 2369 1174 2433 imperaret
1198 2369 1333 2420 Cali-

271 2445 401 2509 gula,
423 2445 822 2511 haudquaquam
850 2447 1114 2497 commode
1139 2453 1331 2511 potest.

270 2518 450 2588 Itaque
474 2523 515 2572 si
539 2523 843 2588 conjectura
866 2524 934 2574 sit
954 2525 1221 2587 utendum,
1257 2525 1334 2574 ita

271 2613 363 2664 ego
401 2600 650 2664 legerim:
682 2606 929 2666 postquam
964 2604 1157 2664 cognita
1194 2602 1332 2650 saevi·

272 2682 355 2742 tia,
389 2684 514 2731 coede
554 2681 654 2744 eius
689 2682 814 2731 baud
849 2687 1160 2746 temperatum
1182 2685 1331 2732 esset.-

272 2758 349 2805 sed
371 2756 589 2806 manebat
609 2762 772 2808 metus.
806 2758 1093 2827 FerrettuS.
1130 2759 1241 2808 Aut
1263 2759 1333 2807 le-

273 2833 491 2898 gendum
512 2838 796 2901 postquam,
812 2834 983 2882 divisis
1004 2835 1215 2883 vocibus
1239 2833 1331 2884 sed

274 2917 530 2974 expuncto
585 2911 767 2974 verbo,
816 2917 952 2975 esset,
992 2912 1090 2961 hoc
1145 2913 1325 2965 modo:

273 2985 389 3037 Sane
403 2988 711 3051 praebuerant
742 2990 908 3038 Judaei
944 2988 1143 3054 speciem
1163 2996 1333 3052 motus,

274 3068 372 3112 orta
407 3065 660 3126 seditione,
690 3070 794 3129 post
811 3082 968 3131 quam,
997 3068 1187 3129 cognita
1209 3069 1333 3116 ccede

278 3139 379 3203 Cui,
397 3142 523 3190 haud
547 3140 927 3205 obtemperatum.
995 3142 1089 3192 Sed
1119 3144 1333 3193 manebat

274 3220 437 3279 metus,
457 3221 542 3281 ξε.
597 3216 708 3267 Aut
727 3219 898 3282 potius
921 3219 1025 3269 sic:
1060 3234 1169 3268 sane
1183 3220 1333 3283 praeb.

274 3288 388 3346 aad.
428 3312 528 3361 spe.
571 3302 739 3346 motus.
829 3299 1099 3362 Postquam,
1143 3300 1334 3361 cog-nita

275 3377 394 3426 eaede
417 3376 528 3439 Cui,
552 3376 705 3438 jussis
724 3377 848 3427 baud
875 3377 1243 3442 obtemperatum
1264 3394 1333 3427 es-

275 3457 360 3513 set,
395 3454 614 3502 manebat
651 3456 819 3518 metus,
838 3471 897 3504 ne
918 3456 1022 3519 quis
1057 3456 1336 3520 Principum

276 3531 429 3578 eadem
465 3530 788 3596 imperitaret.-
843 3532 1055 3582 inducta
1093 3534 1335 3598 conjunc-

275 3602 409 3654 tione
431 3610 530 3657 sed.
602 3607 754 3656 Hauc
791 3622 897 3657 rem
921 3609 1152 3672 explicat
1190 3609 1333 3659 Hist.

279 3678 350 3729 ἰν.
374 3687 420 3732 9.
486 3684 627 3735 Quia
649 3699 772 3734 vero
802 3699 905 3733 non
931 3676 1230 3749 'praecessln
1253 3684 1336 3733 sub

283 3756 415 3822 Caio,
437 3775 541 3826 quo
564 3767 721 3826 queat
754 3760 951 3810 referre
988 3761 1250 3824 genitivus
1290 3777 1339 3811 e-

270 3832 365 3896 jus,
405 3837 753 3898 scribendum,
793 3845 882 3886 aut
922 3838 1030 3899 Gai,
1070 3845 1161 3887 aut
1190 3838 1340 3900 jussis

281 3911 400 3961 haud
446 3914 811 3979 obtemperatum
854 3920 986 3966 esset.
1045 3917 1338 3967 Rhenanus.

282 3982 503 4040 Faernus
527 3990 753 4054 legebat,
768 3999 1009 4058 postquam
1024 3995 1228 4056 cognito,
1250 3992 1339 4042 Cai

270 4064 411 4125 jussis
431 4068 557 4117 haud
580 4070 942 4133 obtemperatum
963 4085 1077 4132 esse,
1095 4074 1176 4133 ἔμ’.
1233 4062 1339 4119 sed

283 4138 422 4193 locus
446 4145 649 4194 videtur
688 4147 921 4208 mutilus,
945 4151 1000 4195 et
1024 4147 1107 4194 cui
1139 4159 1240 4195 non
1265 4147 1341 4195 ita

283 4217 413 4291 t'acili
427 4221 683 4272 medicina
698 4222 896 4272 mederi
914 4223 1095 4286 possit.
1126 4223 1347 4275 Ursinus.

285 4294 450 4348 Locus
467 4294 739 4351 manifesto
759 4301 992 4364 mutilus,
1007 4300 1099 4351 sed
1118 4308 1222 4351 non
1241 4316 1343 4352 ma·

1383 1060 1573 1108 'hiatus
1616 1057 1858 1109 facienda
1902 1062 2051 1110 sunt.'

2284 428 2461 499 4018

1401 592 1608 657 nifesto,
1629 609 1733 659 qua
1764 592 2080 657 potissimum
2119 601 2285 657 parte.
2354 592 2464 659 Ego

1402 671 1502 735 aio,
1524 676 1641 734 post
1663 671 1824 720 verba
1855 674 1960 720 orta
1981 670 2226 729 seditione,
2247 671 2466 734 paucula

1403 749 1639 814 quaedam
1663 749 1867 808 deesse,
1902 749 2085 812 quibus
2119 763 2351 797 caussam
2386 752 2465 799 se*-

1401 828 1611 877 ditionis
1646 833 1828 876 auctor
1849 825 2227 889 perstrinxerit,
2255 834 2309 876 et
2349 840 2466 876 eam

1402 903 1574 968 plane,
1597 919 1748 969 quam
1783 903 1987 966 Lipsius
2009 903 2059 951 in
2084 903 2466 954 Commentario

1402 982 1600 1030 retulit.
1667 982 1769 1031 Hic
1793 981 1952 1045 igitur
1974 981 2165 1033 indicia
2189 984 2385 1033 lacunae
2409 984 2467 1035 et

2125 1060 2342 1125 Reliqua
2386 1075 2465 1111 se·

1405 1134 1617 1199 quentia
1635 1134 1708 1185 sic
1726 1137 2118 1200 conjungantur,
2136 1138 2343 1202 abjecta
2356 1139 2466 1187 vul-

1407 1218 1530 1275 gata
1572 1211 1941 1263 distinctione:
1993 1219 2233 1278 postquam
2274 1215 2468 1277 cognita

1404 1292 1530 1337 coede
1551 1286 1789 1354 Caii(vel
1828 1291 1955 1350 eius.-
1992 1298 2050 1340 ut
2087 1292 2203 1339 libri
2228 1298 2464 1343 veteres:

1405 1365 1784 1425 verisimiliter;
1821 1368 1936 1430 quia
1959 1367 2074 1416 Caii
2095 1368 2253 1431 ipsius
2277 1382 2465 1419 nomeu
2500 1360 2503 1363 ¹

1407 1443 1737 1505 praecessisse
1776 1443 1956 1492 debuit
1991 1444 2042 1492 in
2083 1444 2165 1504 iis,
2188 1458 2303 1509 quae
2329 1450 2465 1495 nune

1406 1517 1787 1584 desiderantur)
1809 1520 1927 1568 haut
1947 1520 2310 1585 obtemperatum
2332 1520 2469 1585 esset,

1405 1595 1619 1644 manebat
1641 1600 1810 1654 metus,
1830 1612 1888 1645 ne
1905 1597 2008 1660 quis
2022 1598 2288 1661 principum
2309 1588 2469 1647 eadem

1405 1672 1718 1735 imperitaret.
1784 1674 2013 1724 Dubites
2056 1675 2211 1724 etiam
2258 1663 2321 1724 an
2363 1690 2468 1726 non

1404 1749 1622 1798 manebat
1654 1748 2013 1801 scribendum:
2059 1753 2196 1816 quod
2234 1744 2395 1815 magis
2418 1742 2471 1802 ess·

1406 1827 1534 1875 tiam
1555 1829 1876 1888 convenerit,
1900 1829 1942 1877 si
1965 1829 2137 1893 priora
2161 1830 2232 1879 ita
2255 1828 2483 1894 resen-im.

1407 1907 1568 1954 seris:
1600 1911 1703 1970 post
1728 1922 1864 1971 quam
1887 1906 1986 1973 (sc.
2012 1900 2344 1972 seditionem)
2357 1908 2469 1972 quia

1406 1983 1595 2041 cognita
1631 1985 1756 2032 coede
1795 1984 1892 2044 eJ'us
1934 1984 2058 2033 haud
2102 1986 2471 2050 obtemperatum

1408 2063 1543 2119 esset,
1559 2058 1775 2107 manebat
1804 2064 1967 2122 metuS,
1986 2072 2045 2108 ne
2065 2060 2170 2124 quis
2184 2077 2236 2124 p.
2259 2076 2300 2111 e.
2327 2062 2472 2125 impe·-

1405 2137 1595 2183 ritaret.
1655 2134 1939 2184 Acidalius.

1474 2213 1555 2261 Ita
1573 2213 1754 2273 divisis,
1774 2218 1828 2262 ut
1844 2212 1974 2275 huic]
2006 2213 2141 2262 Vide
2166 2228 2229 2263 an
2252 2213 2470 2278 scripse-

1408 2287 1478 2339 rit
1501 2290 1754 2339 Tacitus:
1790 2290 1866 2337 cui
1895 2305 2010 2354 pars
2045 2288 2313 2339 Provinciae
2333 2291 2472 2340 habe·

1409 2367 1566 2428 batur,
1600 2366 1674 2415 ita
1710 2367 1894 2429 divisoe,
1936 2371 1991 2415 ut
2027 2367 2137 2416 huic
2161 2367 2470 2417 Galilaemm

1405 2443 1560 2504 natio,
1586 2443 1732 2493 Felici
1750 2442 2005 2493 Samaritoe
2030 2448 2271 2507 parerent.
2336 2440 2472 2493 Gro‘·

1408 2521 1611 2572 novius.
2233 2563 2239 2568 .

1482 2598 1832 2661 Damnatusque
1860 2596 2187 2662 flagitiorum,
2231 2613 2335 2662 quoe
2377 2598 2471 2647 duo

1407 2676 1720 2739 deliquerant,
1771 2677 2026 2740 Cumanus]
2082 2677 2166 2727 De
2211 2675 2474 2727 sententia

1405 2753 1489 2802 hic
1514 2769 1613 2802 non
1635 2768 1749 2817 ego,
1787 2754 1878 2803 sed
1904 2755 1970 2803 de
1993 2753 2166 2803 verbis
2202 2753 2474 2804 sollicitus.

1406 2824 1506 2878 Illa
1547 2829 1680 2877 enim
1705 2831 1830 2879 satis
1866 2837 2105 2894 apparet,
2143 2830 2256 2878 haec
2296 2829 2472 2880 dubia.

1407 2904 1613 2956 Novum
1638 2908 1833 2972 quippe
1850 2906 2058 2957 dicendi
2080 2906 2476 2970 geuus,flagitiae

1405 2982 1688 3048 delinquere.
1777 2983 2022 3034 Arbitror
2068 2987 2279 3036 verbum
2336 2987 2475 3035 exci-

1409 3061 1566 3119 disse,
1611 3062 1721 3120 luit,
1765 3066 1855 3110 ant
1897 3063 2021 3126 quid
2064 3063 2247 3113 simile.
2314 3064 2474 3127 Lege,

1407 3152 1513 3201 quoe
1532 3136 1621 3186 duo
1643 3138 1949 3201 deliquerant,
1968 3154 2089 3188 unus
2110 3140 2200 3189 tuit
2221 3141 2476 3189 Cumanus.

1408 3212 1691 3277 Acidalius.
1759 3214 1972 3263 Frustra
1995 3214 2060 3263 de
2081 3215 2158 3264 his
2184 3215 2354 3263 verbis
2378 3214 2479 3264 sol·

1409 3284 1582 3338 licitus
1607 3295 1705 3339 est.
1776 3290 1907 3341 Nam
1943 3290 2214 3354 delinquere
2237 3292 2351 3354 quid
2373 3291 2472 3340 uti·

1411 3381 1513 3432 que
1535 3366 1774 3430 dicimus,
1808 3367 1896 3415 ubi
1918 3362 2040 3432 quid
2079 3369 2356 3431 intelligas,
2375 3366 2475 3417 nisi

1396 3445 1650 3509 flag-itiam
1672 3447 1754 3495 vel
1776 3445 1958 3496 scelus?
2005 3446 2105 3496 Sed
2140 3455 2196 3496 et
2233 3447 2477 3511 Papinia-

1411 3534 1508 3572 nus
1531 3523 1567 3571 1.
1593 3525 1970 3587 xxxv111.§.4.
2019 3524 2089 3571 D.
2114 3523 2179 3571 ad
2216 3524 2317 3585 leg.
2360 3523 2468 3574 Jul.

1413 3600 1477 3649 de
1519 3599 1808 3650 adulteriis:
1855 3600 2013 3649 ‘cum
2061 3599 2185 3647 alias
2231 3598 2476 3649 adulterii

1412 3675 1629 3739 crimen,
1649 3676 1786 3740 quod
1827 3677 2106 3740 pubertate
2135 3676 2478 3740 delinquitur,

1411 3766 1516 3800 non
1562 3757 1839 3801 excusetur
1884 3753 2078 3803 aetate)
2146 3755 2263 3805 Quo
2303 3760 2477 3803 autem

1412 3827 1552 3877 istud
1570 3825 1695 3877 luit?
1718 3829 1797 3877 An
1817 3829 2031 3879 dubium
2045 3837 2127 3879 est
2151 3845 2479 3895 quemquam,
2516 3854 2521 3861 ·

1413 3918 1499 3983 qui
1539 3918 1787 3964 damnatus
1807 3913 2110 3976 flagitiorum
2146 3913 2353 3973 dicitur,
2374 3924 2478 3975 poe-

1413 4008 1504 4041 nas
1532 3991 1861 4059 pependisse,
1890 3991 1987 4039 uisi
2019 3991 2211 4039 diserte
2236 3990 2477 4052 addatur,

1413 4069 1552 4117 unde
1601 4066 1800 4116 veniam
1846 4067 2093 4117 meruerit
2132 4074 2252 4131 post
2273 4071 2478 4116 senten·

1415 4144 1575 4193 tiam?
1629 4142 1907 4192 Gronovius.

1481 4223 1613 4271 CAP.
1663 4225 1744 4270 56.
1794 4219 2020 4269 Claudius
2061 4218 2293 4282 triremes,
2333 4212 2477 4286 quad*-

1411 4296 1716 4363 riremesque]
1770 4298 1884 4348 Etsi
1931 4312 2199 4349 numerum
2251 4298 2483 4363 navium,
