3009 4942
448 397 626 467 4278

451 562 701 633 (lavimus,
747 568 868 633 Eius
909 585 959 621 se
1001 569 1284 634 mag-istrum
1309 568 1522 630 ferebat.

454 650 687 703 Rhenan.
739 650 900 714 Lipsii
922 650 1226 714 conjectura
1246 647 1375 697 adeo
1398 646 1523 696 mihi

453 736 621 792 certa,
657 735 718 778 ut
741 742 855 777 eam
880 726 1114 790 recipere
1149 741 1214 775 ne
1257 725 1526 775 minimum

453 806 663 872 quidem
692 804 1057 855 dubitaverim.
1125 804 1263 853 Nam
1300 817 1416 851 cum
1457 814 1527 849 ex

448 883 666 934 historia
710 883 906 932 clarum
954 881 1041 944 sit,
1083 880 1319 930 Celerem
1365 876 1525 928 fuisse

453 962 639 1012 Bareoe
661 960 988 1025 ma‘gistrum,
1012 974 1094 1008 res
1117 960 1232 1023 ipsa
1253 973 1351 1023 per
1375 971 1429 1006 se
1452 958 1525 1005 lo-

453 1052 568 1089 cum
593 1038 827 1102 corrigit,
850 1052 946 1087 nec
985 1043 1084 1099 est,
1112 1034 1250 1101 quod
1286 1033 1524 1083 Tacitum

456 1114 800 1179 philosophari
857 1112 1147 1175 credamus,
1218 1110 1524 1174 magistrum

453 1190 698 1245 amicitiae
768 1187 1131 1252 philosophum
1195 1185 1527 1251 appellando.

453 1267 682 1317 Pit-hena.
735 1266 934 1315 Γενικῶς
955 1270 1014 1315 ut
1038 1264 1386 1329 philosophus.
1442 1261 1529 1311 In·

453 1350 605 1405 tegra
622 1349 758 1404 sunt,
790 1356 888 1391 nec
921 1341 989 1390 de
1027 1341 1112 1390 via
1146 1340 1404 1390 decedere
1442 1338 1530 1389 de-

455 1420 582 1470 bent
603 1419 917 1484 conjecturis
942 1418 1229 1468 doctissimi
1250 1416 1369 1467 viri.
1405 1416 1530 1466 Non

455 1496 642 1545 damno
667 1502 842 1546 tamen
865 1511 878 1543 ε
930 1498 1178 1558 corruptor
1199 1492 1360 1557 amici,
1380 1497 1428 1543 et
1450 1508 1529 1542 ca-

441 1571 531 1634 jus
550 1588 601 1621 se
622 1573 907 1636 magistrum
933 1570 1126 1631 serebat
1142 1588 1158 1620 .-
1205 1585 1321 1619 uam
1348 1580 1531 1617 revera

459 1650 614 1701 Celer
637 1649 887 1713 magister
904 1654 1022 1698 erat
1044 1654 1099 1697 et
1120 1646 1314 1696 amicus
1327 1643 1532 1695 Sorani.

456 1725 699 1781 Juvenal.
720 1725 835 1774 Sat.
861 1738 948 1773 111.
1014 1721 1119 1772 Sed
1153 1737 1251 1772 nec
1288 1721 1413 1770 alibi
1440 1722 1534 1769 Ta-

455 1801 590 1851 citus
634 1815 755 1849 eum
797 1798 960 1848 fuisse
1004 1798 1303 1862 magistrum
1349 1796 1531 1846 Sorani

457 1878 589 1929 dicit
610 1896 623 1928 ε
666 1878 802 1927 Anu.
821 1890 945 1928 xvt.
966 1883 1050 1928 32.
1084 1878 1099 1904 ‘
1125 1883 1327 1927 tantum
1351 1876 1443 1924 lrae
1466 1875 1533 1926 P.

457 1956 712 2021 Egnatius
746 1956 993 2016 concivit,
1018 1954 1179 2005 cliens
1215 1955 1298 2003 hic
1333 1952 1533 2012 Sorani,

457 2040 515 2082 et
534 2039 657 2082 tunc
680 2038 881 2098 emptus
904 2032 968 2081 ad
994 2024 1553 2097 opprimendum‘ami-«

459 2123 596 2171 cum,
620 2109 984 2159 auctoritatem
1008 2108 1200 2158 Stoicae
1225 2113 1382 2156 sectae
1400 2120 1533 2169 prae·

458 2185 700 2236 ferebat?
768 2186 931 2249 Cujus
969 2186 1232 2249 integrum
1256 2197 1446 2233 nomen
1465 2182 1535 2231 P.

460 2263 716 2327 Egnatius
740 2261 912 2312 Celer.
979 2260 1208 2311 Possunt
1241 2261 1353 2309 haec
1376 2258 1536 2308 etiam

462 2339 635 2389 missis
686 2336 1113 2402 castigationibus
1170 2336 1412 2400 adaptari
1468 2335 1537 2384 ad

463 2430 667 2466 sensum
692 2412 977 2465 doctissimi
1002 2413 1118 2463 viri.
1184 2412 1420 2463 Amicitia
1442 2426 1537 2476 pro

461 2493 660 2554 amico;
706 2491 766 2541 τὸ
786 2490 1091 2555 πρωτότνπον
1126 2488 1232 2538 &vri
1262 2489 1351 2538 τοῦ
1387 2505 1537 2552 παρα-

459 2571 623 2631 γωγοῦ
657 2587 669 2619 :
721 2571 758 2622 i.
790 2568 1095 2633 primitivam
1120 2583 1211 2632 pro
1231 2567 1497 2618 derivativo
1520 2590 1539 2624 ‚-

461 2654 521 2695 nt
556 2646 697 2697 Anu.
734 2660 820 2696 ιιι.
853 2647 870 2675 ‘
894 2647 1277 2697 contumaciam
1317 2645 1427 2709 ejus
1465 2645 1538 2694 in-

459 2723 689 2784 sectari;
739 2729 888 2773 vetus
933 2721 1183 2786 Angustae
1221 2721 1416 2784 odium,
1455 2734 1538 2769 re·

459 2809 667 2851 centem
681 2801 842 2851 Liviae
858 2801 1233 2853 conscientiam
1248 2798 1538 2863 exagitare,

457 2884 519 2926 ut
542 2876 857 2941 superbiam,
879 2875 1205 2927 fecunditate
1244 2877 1536 2938 subnixam,

457 2954 793 3018 popularibus
833 2954 1017 3003 studiis
1062 2954 1262 3003 inhiare
1307 2953 1540 3003 domina·

457 3029 591 3078 tioni
629 3029 768 3093 apud
803 3029 1074 3079 Caesarem'
1102 3028 1384 3093 argueret!
1466 3030 1538 3078 Et

458 3114 537 3169 ut,
570 3107 588 3136 ⁴
614 3106 712 3156 sibi
742 3121 1038 3156 concessam
1076 3105 1324 3156 dictitans
1354 3104 1538 3156 nobili-

458 3191 639 3250 tatem,
653 3181 1129 3249 pulchritndinem!
1185 3184 1305 3234 Non
1330 3183 1539 3233 diversa

464 3269 587 3313 sunt
620 3277 737 3326 quae
775 3268 1080 3327 sequuntur.
1145 3262 1357 3326 Alcoeas,
1379 3259 1541 3324 ἄγαγε

457 3337 536 3390 καὶ
557 3337 724 3404 Ξέρξης
756 3337 945 3402 Πέρσαν
968 3337 1270 3404 στρατηγόνε
1312 3340 1348 3390 i.
1373 3340 1540 3390 Duxit

458 3423 508 3467 et
546 3418 736 3467 Xerxes
770 3417 968 3467 Persam
1003 3419 1281 3470 exercitam.
1347 3417 1535 3483 Virgil.

458 3493 578 3542 AEn.
599 3502 725 3543 vm.
758 3494 774 3522 ‘
800 3495 995 3543 Divum
1020 3502 1077 3545 tu
1100 3497 1321 3546 maxime
1344 3501 1536 3557 rector,

461 3568 695 3633 Jupiter,
736 3568 952 3619 Arcadii
995 3587 1171 3636 quaeso
1213 3572 1536 3622 miserescite

451 3644 633 3709 regis!
701 3644 949 3709 Propert.
984 3649 999 3675 ‘
1025 3648 1135 3696 Vos
1170 3649 1315 3698 eritis
1356 3654 1537 3710 testes,

458 3722 502 3772 si
524 3735 652 3789 quos
675 3721 834 3772 habet
857 3723 1011 3772 arbor
1032 3739 1248 3788 amores,
1270 3727 1439 3787 Fagus
1480 3731 1539 3773 et

458 3799 690 3851 Arcadio
730 3802 883 3865 pinus
928 3807 1102 3851 amata
1138 3802 1292 3852 Deo!
1328 3803 1536 3852 Saliner.

457 3878 602 3929 Nihil
645 3878 728 3927 hic
784 3892 960 3928 moror
1004 3879 1420 3929 emendationem
1478 3885 1536 3928 et

461 3955 862 4020 explicationem
887 3955 1096 4006 doctiss,
1120 3956 1300 4020 Lipsii.
1336 3958 1536 4020 Magis-

462 4038 601 4081 trum
622 4046 679 4081 se
701 4030 906 4082 ferebat
941 4032 1187 4082 amicitiae
1220 4033 1393 4095 Celer,
1414 4032 1536 4097 quia

461 4106 806 4171 Philosophus
838 4115 893 4158 et
926 4108 1135 4173 quidem
1159 4111 1379 4159 Stoicus.
1447 4108 1535 4157 Sic

460 4183 665 4233 locutus
688 4186 989 4235 Lactantius
1009 4186 1048 4234 l.
1072 4200 1127 4234 v.
1159 4187 1176 4213 ⁴
1202 4187 1436 4238 Quorum
1460 4186 1535 4233 al-

433 2162 453 2187 0

1570 3488 1581 3493 “
1612 3502 1701 3536 nm
1756 3483 2011 3548 urgebat?

1139 405 1362 461 tto-rat
1412 384 1818 459 vissanum
1864 407 1953 457 nr
1994 390 2011 435 '-

1600 554 1828 618 t'ebatur,
1849 567 2023 604 verum
2048 553 2121 602 ita
2140 550 2372 614 vitiosus,
2393 554 2471 600 ‘ut
2509 543 2667 598 conti<-

1600 632 1787 682 neutiae
1822 631 2090 694 magister,
2112 644 2213 679 non
2236 628 2404 678 minus
2429 624 2664 690 avaritia,

1602 725 1756 775 quam
1784 707 2084 758 libidinibus
2110 704 2355 756 arderet!
2391 706 2603 754 Calenus.

1667 786 1821 835 Motis
1840 787 1903 834 ad
1925 784 2148 834 altionem
2183 782 2380 846 animis]
2445 782 2668 844 Corrup-

1601 863 1828 914 tissimus
1854 870 2009 913 antea
2046 862 2212 923 locus,
2246 872 2402 924 quem
2441 856 2668 907 restitni-

1601 955 1715 990 mus
1739 940 1804 990 ab
1827 939 2067 1003 ingenio:
2093 952 2211 988 cum
2230 936 2378 986 libris
2403 942 2563 996 esset,
2579 934 2672 983 πιό-

1601 1016 1668 1066 tis
1684 1015 2032 1065 aduenientem
2051 1014 2224 1063 animis
2236 1030 2252 1062 .-
2291 1017 2398 1075 aut,
2412 1006 2482 1060 ‘ut
2500 1010 2670 1060 Vatic.

1601 1095 1729 1143 notis
1746 1093 2024 1142 adulationi.
2058 1091 2281 1155 LipsiuS.
2678 1106 2683 1113 ·

1669 1171 1824 1220 Motis
1841 1172 1903 1219 ad
1923 1170 2151 1219 altionem
2172 1164 2490 1216 delationibus
2510 1179 2673 1229 expec-

1603 1245 1852 1310 tabantur]
1932 1247 2020 1296 Ita
2074 1245 2305 1295 Falirnus
2358 1242 2671 1308 jampridem

1605 1324 1920 1386 emendavit,
1962 1336 2079 1386 pro,
2129 1322 2273 1370 motis
2325 1318 2677 1368 adulationibus?

1603 1403 1777 1453 animis
1810 1400 2193 1466 expectabantur.
2242 1398 2418 1447 Ursin.
2499 1397 2674 1445 Muso-

1603 1481 1719 1529 nius
1766 1481 1952 1531 Patres
1976 1479 2029 1527 in
2053 1476 2289 1526 Celerem
2328 1472 2672 1535 accendebat,

1604 1560 1820 1609 laudans
1855 1573 1943 1607 eos
1967 1556 2051 1624 (ut
2073 1553 2216 1619 reor)
2248 1554 2385 1620 qnod
2409 1565 2618 1614 semper
2645 1560 2675 1599 a

1607 1636 1950 1687 delationibus
1976 1632 2342 1683 abstinuissent
2378 1637 2434 1679 et
2472 1641 2676 1692 semper

1604 1722 1935 1765 'accusatores
1969 1709 2194 1761 aversati
2235 1714 2431 1757 essent.
2511 1705 2674 1768 quue

1607 1793 1653 1842 ei
1696 1790 1978 1855 processit,
2011 1802 2128 1837 nam
2178 1786 2310 1835 licet
2350 1798 2414 1833 eo
2455 1783 2674 1833 cadente

1606 1869 1819 1919 Priscus
1854 1873 1911 1916 et
1933 1864 2216 1915 Marcellus
2247 1864 2675 1924 expectarentur,

1607 1945 1831 2011 indeque
1855 1956 2039 2007 agmen
2063 1955 2265 1990 reorum
2290 1955 2304 1999 ;
2338 1953 2458 1986 nam
2493 1937 2510 1964 ‘
2534 1936 2577 1986 si
2598 1950 2677 2011 ca-

1609 2023 1759 2071 deret
1781 2017 2062 2070 Marcellus
2094 2030 2277 2078 agmen
2310 2028 2519 2063 reorum
2556 2015 2679 2062 ster·

1608 2097 1849 2157 uebatur,
1888 2107 2052 2158 eaque
2072 2092 2154 2141 ‘de
2191 2103 2373 2141 caussa
2415 2094 2594 2152 patres
2625 2086 2681 2136 in

1612 2176 1781 2226 studia
1805 2173 2083 2223 diduxerat
2101 2169 2135 2232 3’
2186 2176 2244 2219 et
2273 2181 2412 2217 nunc
2453 2166 2678 2231 aliquan-

1611 2259 1720 2301 tum
1755 2249 2168 2310 retardarentur,
2213 2246 2232 2273 ‘
2256 2260 2320 2294 ea
2357 2242 2678 2308 cogitatione

1610 2327 1847 2380 renovari
1870 2326 1989 2376 odia
2012 2322 2399 2374 accusationum
2438 2320 2680 2370 videban-

1612 2415 1698 2458 tur
1717 2406 1749 2469 ς’
1807 2412 1981 2454 tamen
2033 2402 2050 2429 ‘
2084 2400 2239 2451 motis
2297 2397 2681 2448 adulationibus

1612 2482 1825 2546 animis,’
1857 2488 1914 2531 et
1937 2481 2060 2546 quia
2092 2479 2108 2506 ‘
2130 2477 2245 2527 vilis
2268 2483 2324 2528 et
2345 2490 2543 2525 nocens
2564 2464 2681 2524 reus'

1612 2560 1821 2627 protegi
1856 2574 1959 2609 non
1999 2553 2245 2621 poterat,’
2280 2554 2437 2604 Celer
2470 2558 2683 2617 postero

1613 2639 1697 2689 die
1746 2637 2017 2689 damnatus
2077 2640 2197 2684 est:
2262 2634 2278 2661 ⁴
2304 2634 2684 2695 damnatusque

1612 2715 1850 2775 Publius,
1887 2720 1943 2763 et
1976 2712 2161 2763 Sorani
2191 2709 2426 2759 manibus
2449 2706 2686 2758 satisfac-

1613 2790 1759 2842 tum.’
1826 2789 2056 2841 Eandem
2077 2790 2216 2839 viam
2247 2785 2516 2837 affectavit
2555 2784 2685 2835 Hel·

1611 2870 1780 2920 vidins
1804 2884 1919 2919 cum
1945 2868 2131 2917 iterum
2170 2866 2225 2914 in
2262 2864 2576 2914 Marcellum
2609 2862 2685 2911 in·

1613 2947 1910 3007 veheretur,
1925 2943 2013 3009 qui
2040 2946 2186 2992 certe
2208 2947 2444 2992 senatum
2464 2941 2517 2990 in
2542 2954 2685 2989 suam

1614 3023 1925 3079 sententiam
1980 3021 2247 3081 traxisset,
2302 3019 2357 3068 ni
2412 3018 2687 3067 Mucianus

1614 3115 1711 3165 pro
1733 3097 2050 3149 delatoribus
2072 3097 2354 3147 censuisset
2376 3111 2389 3143 :
2427 3096 2444 3123 ⁴
2465 3094 2629 3158 igitur
2656 3106 2686 3141 a

1613 3178 1766 3227 laude
1801 3177 1975 3228 Cluvii,
2011 3174 2132 3225 Rufi
2174 3184 2334 3232 orsus,
2357 3172 2445 3238 qui
2471 3169 2687 3237 perinde

1613 3255 1779 3318 dives,
1800 3260 1856 3304 et
1878 3251 2179 3318 eloquentia
2214 3252 2404 3310 clarus,
2425 3247 2557 3309 nulli
2597 3261 2685 3296 un·

1614 3344 1768 3397 quam
1791 3331 1886 3380 sub
1906 3332 2116 3381 Nerone
2141 3327 2426 3392 pericnlum
2450 3324 2693 3391 facessis7

1615 3417 1715 3471 set,
1750 3408 1963 3458 crimine
1999 3405 2149 3455 simul
2172 3404 2515 3467 exemploque
2538 3399 2686 3464 Epri-

2105 3481 2456 3531 Doctissimus
2510 3485 2685 3527 tamen

1616 3565 1693 3613 vir
1725 3562 1929 3626 maluit,
1961 3558 2105 3610 motis
2136 3561 2201 3608 ad
2227 3557 2458 3606 ultionem
2496 3553 2688 3605 animis.

1613 3643 1836 3692 Saliner.
2031 3691 2039 3696 ,

1680 3721 1819 3770 CAP.
1845 3723 1924 3767 11.
1963 3717 2100 3766 Inter
2132 3712 2320 3779 patres]
2375 3711 2462 3761 Ita
2486 3711 2690 3760 Merce-

1615 3815 1717 3858 rus‚
1740 3805 1795 3847 et
1818 3802 1998 3846 recte:
2055 3808 2157 3844 non
2190 3797 2370 3856 partes.
2436 3790 2691 3840 Senatum

1614 3890 1802 3940 nempe
1825 3871 2088 3936 intellegit
2126 3867 2439 3932 discordem,
2473 3868 2538 3926 ut⁸
2567 3870 2689 3914 ante

1613 3950 1862 4003 ostendit.
1894 3950 2100 4014 Lipsius.

1679 4029 1939 4079 Discordia
1969 4027 2099 4076 inter
2136 4020 2321 4089 partes]
2386 4021 2591 4083 Scribo,
2602 4032 2691 4087 pa·

1612 4112 1724 4156 tres.
1793 4107 1929 4156 Nam
1968 4104 2033 4154 de
2067 4104 2376 4152 Senatorum
2413 4097 2693 4149 dissensio-

1612 4184 1767 4233 nibus
1790 4183 1970 4233 sentit.
2023 4181 2285 4230 Men-eras.
2348 4177 2545 4239 Vulgo,
2564 4175 2691 4223 inter

460 4265 554 4309 ter
572 4261 858 4313 antistitem
895 4276 953 4312 se
988 4262 1340 4327 Philosophiae
1378 4259 1535 4327 profl-
1606 4264 1807 4324 partes.⁶
1876 4271 1994 4308 nam
2031 4254 2132 4307 ubiv
2159 4259 2360 4320 partes,
2399 4251 2473 4301 ibi
2510 4262 2693 4302 conse-
