3009 4942
431 360 618 431 w.

435 523 573 585 calc.
638 522 779 574 Geli.
803 537 841 573 1.
867 527 946 574 16.
1006 523 1215 576 Saliaer.
1278 523 1505 574 Videtur

440 614 619 663 seusus
645 617 658 651 :
715 600 885 651 Etiam
932 601 1077 665 plebs
1123 602 1341 665 cogitat,
1383 615 1510 666 quo-

442 676 595 726 modo
618 692 715 742 per
739 686 932 742 togam,
955 679 1005 728 id
1043 687 1124 729 est
1151 695 1242 741 per
1265 680 1509 743 eloquen-

440 754 531 805 tiae
576 755 763 819 studia,
808 756 973 819 possit
1011 756 1078 806 ad
1124 754 1402 807 facultates
1449 761 1508 804 et

440 829 721 892 dignitates
740 833 1025 894 pervenire.
1078 831 1150 882 At
1171 834 1308 883 Flor.
1332 831 1510 892 babet,

438 907 691 971 cogitaret,
716 918 771 958 ut
798 907 935 960 forte
953 910 1101 970 velit,
1117 911 1284 974 ipsum
1310 909 1511 963 Princi-

440 998 559 1048 pem
595 983 662 1033 ad
703 986 937 1048 plebeios
973 987 1133 1037 etiam
1174 988 1397 1037 animum
1418 986 1511 1038 ad-

442 1067 668 1122 vertere,
711 1078 815 1126 qua
858 1064 1057 1112 ratione
1102 1064 1310 1113 valeant
1349 1077 1516 1114 emer·

445 1151 591 1201 gere,
610 1145 829 1204 togaque
852 1141 1159 1192 clarescere.
1200 1141 1358 1191 Nulla
1376 1141 1515 1190 enirn

444 1214 507 1275 iis
530 1214 630 1263 alia
650 1230 769 1280 spes
791 1218 1002 1281 reliqua,
1025 1218 1065 1266 si
1090 1218 1379 1268 studiorum
1398 1232 1517 1281 pre-

446 1291 524 1341 tia
554 1292 818 1342 tollantur.
888 1294 1029 1346 Quid
1049 1295 1091 1343 si
1117 1309 1210 1357 pro
1230 1310 1344 1359 qm,
1374 1294 1516 1356 legas

445 1383 568 1432 «μοι»,
592 1379 646 1418 ut
670 1369 737 1419 de
762 1380 912 1433 parte
931 1371 1022 1420 illa
1044 1372 1212 1435 plebis
1235 1371 1521 1434 intelligat,

445 1459 558 1509 quae
581 1445 858 1511 aliqnando
874 1448 1091 1497 honores
1115 1448 1520 1512 adipiscebatur,

445 1533 551 1573 non
574 1522 729 1573 etiam
753 1524 820 1574 de
844 1522 1057 1579 infima?
1114 1525 1355 1581 ;Ρι“οΙιειιιι.

459 1650 466 1657 ,
518 1598 687 1648 Etiam
728 1601 888 1649 studia
927 1602 1162 1664 peritura.
1255 1602 1323 1651 Ut
1365 1602 1523 1651 mim

451 1674 619 1723 decora
638 1675 759 1737 ltaec,
777 1676 873 1738 ita]
908 1677 1181 1733 Hactenus
1204 1679 1353 1741 editi,
1375 1681 1523 1729 etiam

449 1752 610 1802 sitdiu
640 1753 855 1816 peritura
884 1760 939 1804 ut
972 1756 1330 1807 madeant-a.
1398 1757 1523 1806 Hoec

450 1827 557 1878 z’ta:
603 1845 719 1894 quae
742 1830 903 1880 lectio
935 1847 1054 1882 cum
1091 1849 1206 1884 meo
1238 1849 1390 1884 suasu
1412 1849 1523 1884 mu·

453 1910 570 1954 tata
602 1907 691 1968 sit,
730 1906 798 1955 ad
833 1920 1012 1958 causas
1047 1911 1350 1963 mutationis
1391 1911 1526 1960 indi·

456 1982 651 2035 caudas
692 1984 978 2048 obligatum
1033 2002 1146 2038 esse
1201 2004 1285 2050 me
1340 1991 1527 2041 sentio.

455 2059 638 2117 Primo
674 2061 853 2128 itaque
895 2078 1028 2128 nego
1067 2066 1390 2115 commodum
1436 2068 1523 2116 ha·

455 2135 629 2187 buisse
650 2151 888 2191 sensumt
937 2141 1062 2205 quid
1084 2142 1223 2191 enim
1246 2143 1419 2192 studia
1437 2143 1527 2193 asi-

454 2229 545 2273 nus,
562 2216 729 2265 decora
753 2216 1081 2283 videbuntur,
1094 2220 1137 2268 si
1159 2220 1331 2283 pretia
1347 2222 1528 2273 tollas?

455 2291 618 2351 immo,
635 2294 809 2343 hercle
851 2295 896 2343 si
935 2297 1049 2346 brec
1070 2298 1236 2361 magis
1260 2299 1528 2363 respicias,

457 2370 789 2423 haudfacile
835 2376 1146 2426 atrociorem
1185 2377 1247 2426 iis
1286 2378 1530 2441 injuriam

456 2444 681 2500 inferas:
735 2459 939 2515 quoe;et
977 2452 1231 2516 Ulpianus
1261 2456 1532 2517 eleganter

449 2536 633 2585 ¹mouet
670 2527 772 2579 1..1.
809 2530 907 2592 §L
944 2527 1012 2577 de
1045 2530 1310 2580 extraord.
1333 2532 1532 2594 cognit.

459 2605 474 2631 ‘
501 2603 672 2665 pretio
687 2604 980 2659 nummario
990 2619 1108 2665 ‚non
1147 2620 1272 2657 esse,
1285 2606 1533 2658 debones-

460 2679 668 2729 tanda.'.
724 2681 880 2730 Unde
919 2689 974 2731 et
996 2683 1307 2733 Themistius
1344 2685 1534 2734 invehi-

461 2761 551 2804 tur
590 2755 642 2803 in
683 2771 790 2818 eos,
820 2758 910 2821 qui
947 2759 1188 2808 mercede
1223 2760 1434 2823 docent,
1454 2777 1534 2811 so-

466 2829 744 2894 pbisticum
769 2832 822 2879 id
846 2847 961 2882 esse
984 2834 1184 2895 dicens,
1203 2835 1256 2887 in
1276 2836 1536 2893 Oratione

458 2912 512 2959 4.
598 2908 905 2966 Posteriora
950 2919 1142 2960 autem·
1172 2913 1366 2962 verba:
1422 2911 1438 2940 ‘
1459 2914 1536 2963 Ut

466 2983 634 3033 minus
660 2985 855 3035 decora
889 2986 1021 3048 haec,
1050 2974 1156 3047 ita,¹
1189 2993 1292 3039 ἃς.
1327 2991 1538 3054 conjun-

467 3059 639 3124 genda
656 3075 768 3111 esse
790 3062 912 3110 duxi
938 3064 1205 3126 particulis
1226 3070 1299 3128 ut,
1313 3066 1406 3127 ita,
1438 3067 1538 3118 hoe

466 3138 781 3201 volentibus,
791 3154 908 3204 quae
926 3140 1020 3189 sibi
1038 3140 1113 3190 sic
1130 3143 1320 3205 opponi
1338 3144 1534 3192 solent:

466 3214 896 3278 quemadmodum
930 3219 1022 3267 etsi
1045 3219 1125 3266 vel
1155 3220 1339 3281 quidem
1374 3225 1431 3267 et
1463 3225 1540 3268 ta·

466 3305 589 3351 ntea.
655 3293 754 3341 Est
775 3307 899 3356 ergo
923 3308 1130 3344 sensus:
1175 3295 1307 3345 Haec
1330 3296 1538 3360 quidem

466 3373 527 3428 ιιι
565 3382 658 3432 pro
696 3370 906 3419 sordido
937 3373 1084 3422 lucro
1106 3372 1268 3435 dicta,
1291 3388 1392 3423 non
1416 3374 1540 3424 satis

469 3459 581 3497 esse
603 3446 793 3496 decora
818 3449 1021 3511 reipub.
1047 3449 1136 3499 sed
1162 3458 1334 3500 tamen
1357 3450 1540 3500 adesse

468 3520 767 3571 dicentibus
790 3525 1038 3585 rationes,
1054 3534 1269 3589 propter
1286 3542 1416 3591 quas
1435 3543 1540 3578 non

469 3599 677 3649 omnino
693 3600 952 3662 repudiari
972 3603 1214 3655 debeant.
1264 3605 1397 3655 Hoec
1415 3621 1542 3670 ergo

468 3676 840 3739 particularum
859 3680 1072 3730 istarum
1093 3681 1166 3729 sic
1184 3684 1542 3745 oppositarum

469 3751 549 3801 vis
571 3760 685 3802 est:
735 3768 952 3817 quarum
986 3771 1109 3805 usus
1146 3757 1283 3820 apud
1309 3767 1542 3808 nostrum

469 3825 936 3893 frequentissimus,
976 3840 1035 3882 ut
1080 3834 1151 3883 H.
1188 3848 1274 3883 ιιι.
1296 3841 1379 3886 66.
1425 3838 1441 3866 ‘
1469 3837 1543 3886 Ut

474 3915 726 3961 terrorem
757 3909 1066 3973 Italiae,&c.
1106 3912 1182 3960 ita
1219 3913 1351 3961 haud
1390 3914 1543 3963 dubi·

472 3986 594 4039 um!
663 3987 735 4035 H.
755 4001 792 4036 1.
810 3991 857 4036 7.
881 3989 896 4014 ‘
916 3989 989 4037 Ut
1006 3987 1227 4037 avaritia
1250 3996 1306 4036 et
1327 3988 1543 4039 libidine

472 4062 665 4113 foedum
687 4072 742 4113 et
763 4065 1098 4127 maculosum,
1122 4066 1196 4113 ita
1225 4067 1544 4127 cogitatione

472 4153 646 4195 rerum
681 4153 928 4188 novarum
970 4141 1317 4190 abstinuisse!
1384 4143 1455 4194 H.
1479 4157 1543 4192 11.

472 4220 556 4266 60.
589 4215 606 4243 ‘
631 4216 708 4265 Ut
728 4216 901 4278 potior
937 4224 1155 4282 utroque
1176 4218 1546 4284 Vespasianus,

472 4290 549 4343 ita
591 4290 787 4343 bellum
805 4291 1160 4361 §horreo-nm

1193 4340 1203 4347 .
1226 4293 1304 4344 H.
1335 4308 1430 4348 ιιι.
1461 4300 1552 4367 ²⁰⁶.

1142 370 1360 430 Nora
1405 376 1741 431 vantem)
1754 381 1808 429 M
1858 380 1937 431 IN

1576 525 1593 553 ‘
1620 524 1695 575 Ut
1738 524 1804 574 ad
1848 530 2077 588 presens
2121 521 2331 587 disjecit
2366 521 2651 587 aarum·

1580 616 1707 666 quos
1731 601 2016 661 inciderat,
2002 616 2016 629 ·
2066 601 2138 650 ita
2163 599 2345 664 pinnas
2365 612 2429 648 ac
2446 613 2653 649 ιιι-ιιι

1580 677 1704 727 valli
1726 678 1877 728 ruina
1892 692 1985 727 sua
2004 675 2202 727 traxit.
2266 674 2339 725 Η.
2354 689 2419 725 ιι.
2431 679 2513 724 st.
2534 677 2552 705 ⁴
2572 675 2657 724 Ut

1582 755 1939 818 concesserim,
1961 758 2062 804 &m
2100 755 2277 819 itaque
2300 767 2468 818 neque
2491 752 2657 804 Paul-

1582 832 1778 893 linnm‚'
1798 837 1899 883 διο.
1948 845 2083 882 nr.
2103 837 2186 882 46.
2207 832 2659 882 ‘Utnemounus‘

1585 911 1863 960 contraire
1880 923 2033 959 ausus
2051 917 2151 969 est,
2166 909 2239 957 ita
2254 908 2478 970 dissona
2486 920 2670 956 .:voces

1586 976 2001 1050 respondebant:
2082 998 2200 1036 xvi.
2240 989 2291 1034 7.
2324 983 2340 1012 ‘
2363 985 2440 1034 Ut
2479 983 2656 1047 palm

1588 1064 1811 1126 tristem,
1860 1063 1937 1111 ita
1999 1056 2390 1112 recordantibus
2442 1059 2669 1110 letamss·

1588 1153 1708 1189 xiv.
1730 1143 1815 1189 24.
1836 1142 1851 1168 ⁴
1876 1140 1948 1190 Ut
1968 1140 2122 1189 nullis
2144 1154 2211 1189 ex
2233 1139 2417 1202 prteiio
2434 1137 2663 1199 damnis,

1590 1217 1666 1266 ita
1700 1231 1796 1280 per
1835 1216 2063 1279 inopiam
2101 1223 2158 1265 et
2204 1216 2409 1265 labores
2451 1213 2663 1264 fatisce-

1593 1293 1756 1343 bant.'
1840 1306 1934 1343 xv.
1976 1298 2053 1343 16.
2085 1294 2103 1321 ‘
2125 1294 2200 1343 Ut
2236 1292 2488 1357 augendas
2526 1290 2671 1340 insa-³

1591 1370 1709 1421 niiae
1751 1369 2057 1433 composita,
2098 1369 2173 1419 sic
2219 1370 2416 1433 reliqua
2456 1382 2560 1417 nan
2604 1367 2665 1416 in

1593 1447 1812 1497 obscuro
1835 1446 2091 1496 habentur
2109 1444 2141 1494 ι’
2178 1444 2278 1494 nisi
2298 1444 2439 1494 forte
2460 1457 2525 1493 eo
2546 1443 2669 1495 loeo

1596 1539 1689 1588 pro
1708 1525 1779 1574 sic
1801 1521 2076 1588 legendum
2095 1529 2177 1573 est
2193 1523 2307 1572 siat.
2389 1521 2673 1585 Quam-opu

1596 1607 1679 1650 ter
1716 1600 1790 1650 ita
1827 1614 2033 1665 quoque
2071 1599 2415 1649 scribendum.
2436 1597 2675 1648 arbitrer.

1596 1679 1670 1730 H.
1709 1692 1748 1729 1.
1788 1683 1870 1729 62.
1902 1679 1917 1705 ‘
1942 1678 2189 1727 Vitellius
2209 1683 2271 1726 ut
2291 1675 2430 1740 apud
2454 1689 2669 1726 severo·

1595 1756 1823 1815 humilis,
1843 1755 1918 1805 ita
1937 1754 2242 1805 comitatem
2259 1752 2545 1813 vocab-at:
2550 1755 2673 1802 &o-

1598 1839 1655 1883 et
1676 1833 1816 1897 apud
1855 1832 1967 1881 Liv.
1994 1844 2109 1882 xm.
2124 1835 2210 1881 20.
2244 1830 2494 1880 ‘Rhodiis
2514 1830 2676 1880 urnii

1599 1924 1757 1959 unum
1783 1909 2009 1972 indigue,
2026 1908 2104 1957 ita
2119 1907 2287 1958 omnis
2306 1888 2515 1971 'generis
2534 1907 2680 1956 doun

1600 1984 1784 2036 dedit.
1854 1983 2149 2034 Freiasksnt.
2212 2028 2217 2033 .

1672 2065 1828 2126 Usque
1842 2066 1906 2113 ad
1921 2064 2041 2111 detta
2054 2059 2296 2122 nantia]
2316 2060 2447 2113 Jcti
2459 2058 2681 2110 mdunt

1601 2140 1759 2190 licere
1782 2139 2074 2190 advocato
2061 2154 2113 2188 ιιι
2135 2139 2365 2201 singulas
2380 2151 2565 2191 causas
2580 2148 2680 2200 pro

1604 2217 1897 2267 honorario
1933 2210 2144 2266 centnm
2185 2228 2370 2281 aureos
2413 2215 2683 2277 accipere.

1608 2296 1761 2345 Hanc
1784 2309 2032 2345 summam
2072 2293 2308 2344 eamdem
2343 2294 2683 2361 cumrnsssx.

1607 2373 1847 2432 arbitror,
1883 2386 1998 2422 cum
2043 2371 2255 2420 centeni
2294 2368 2684 2419 numiniaureo

1607 2455 1911 2511 pensentur,
1949 2455 2005 2497 et
2043 2450 2203 2497 deceta
2237 2444 2462 2512 sestertia
2497 2443 2686 2495 decem

1606 2525 1829 2575 millibus
1850 2538 2171 2575 nummorum
2208 2521 2573 2572 sestertiorum
2599 2535 2689 2572 va-

1608 2604 1782 2653 leantz
1835 2618 1938 2668 qua
1975 2603 2320 2653 oestimatioue
2358 2613 2688 2665 consequens

1608 2688 1690 2730 est
1711 2681 1958 2731 aestimari
1981 2694 2193 2730 aureum
2219 2679 2497 2742 antiquum
2511 2677 2689 2739 'unde-

1610 2759 1714 2809 cim
1755 2759 1919 2827 libris,
1959 2758 2159 2808 assibus
2204 2756 2428 2821 quinque
2474 2754 2692 2816 nostris,

1608 2835 1707 2885 boc
1750 2843 1854 2898 est,
1903 2835 2104 2885 duobus
2161 2833 2365 2885 ducatis
2419 2830 2690 2881 coronatis

1610 2929 1727 2971 cum
1745 2914 1979 2964 dimidio.
2010 2914 2248 2963 Alcides.
2307 2908 2691 2960 Videadbunc

1612 2991 1781 3041 locum
1820 3006 1934 3056 quae
1973 2990 2275 3054 scripsimus
2308 2986 2565 3038 Pecuniae
2588 2986 2694 3050 Ve-=

1613 3071 1745 3119 teris
1767 3082 1832 3119 u.
1860 3076 1910 3120 6.
1980 3069 2190 3119 Gronov.
2258 3110 2263 3115 .
2592 3082 2601 3085 ·

1682 3147 1835 3202 Quem
1857 3145 2057 3209 egressi]
2123 3146 2295 3210 Vulgo
2331 3159 2464 3207 qitoe.
2460 3102 2692 3205 egressa}

1614 3235 1713 3270 nec
1751 3221 1907 3282 male,
1946 3229 2005 3269 ut
2041 3221 2108 3270 ad
2143 3221 2388 3270 sestertia
2409 3217 2693 3270 refer-atar-

1616 3297 1802 3347 Potior
1848 3306 2035 3348 tamen
2080 3299 2200 3347 mibi
2247 3297 2455 3349 Floren.
2509 3296 2692 3357 lectio,

1613 3375 1840 3437 quer-,id
1863 3383 1963 3434 est,
1985 3390 2140 3440 quem
2179 3374 2404 3425 modum.
2444 3375 2560 3424 Sic
2597 3373 2695 3423 iib.

1617 3465 1747 3501 xm.
1776 3452 1829 3501 in
1852 3452 2022 3517 princ.
2045 3454 2061 3481 ⁸
2088 3452 2262 3502 Pallas
2287 3452 2424 3502 tristi
2449 3464 2696 3514 arrogan-

1619 3529 1689 3579 tia
1713 3529 1919 3579 modum
1941 3530 2114 3579 liberti
2136 3529 2407 3592 egressus!
2458 3528 2693 3577 Pichena.

1681 3605 1816 3656 CAP.
1842 3611 1892 3656 8.
1931 3607 2222 3670 Cotv‘ugr‘qae
2243 3621 2300 3655 ac
2314 3602 2428 3671 filio
2450 3606 2696 3668 ἠυγε-

1613 3686 2041 3747 parmarias
2046 3683 2479 3746 meterem-nstra}
2511 3682 2697 3735 Malim

1618 3761 1784 3811 deleri
1809 3761 2071 3824 posterius
2085 3760 2202 3820 qius.
2271 3761 2516 3808 Muretus
2533 3759 2696 3809 etiam

1613 3843 1951 3901 properaverat
1996 3838 2198 3887 scribit.
2238 3838 2481 3886 ..it-ida„
2520 3835 2697 3889 ,Nihil

1619 3915 1816 3964 certius
1838 3913 1962 3962 mibi
1986 3928 2140 3978 quam
2159 3914 2397 3963 Tacitum
2421 3912 2697 3975 scripsisse

1616 3995 1969 4054 properaverat,
2004 3989 2141 4054 qnod
2176 3998 2233 4039 et
2276 3992 2491 4038 Mureto
2514 3990 2696 4041 visum.

1626 4069 1697 4117 Ut
1719 4069 1754 4118 l.
1776 4082 1840 4118 n.
1862 4071 1877 4096 ‘
1905 4070 2190 4131 petiturum
2208 4082 2265 4117 se
2281 4068 2441 4117 vitam
2463 4066 2699 4132 qumis

1620 4144 1850 4205 nocenti,
1907 4143 2006 4193 nisi
2067 4144 2410 4195 voluntariam
2478 4144 2697 4195 mortem
2734 4190 2741 4201 ,

1622 4220 2041 4285 properavisset.’
2105 4221 2168 4275 L.
2194 4235 2234 4272 1.
2259 4222 2394 4273 Cod.
2419 4221 2488 4272 de
2508 4220 2697 4286 &vs-qui

1623 4310 1737 4360 par.
1769 4297 1858 4348 ‘si
1901 4298 2015 4362 quis
2054 4298 2304 4362 parentis-
2326 4304 2443 4353 ant—
2464 4297 2565 4351 filii
2598 4303 2699 4351 aut
