3009 4942
564 395 740 464 4114

541 561 714 608 extat
757 553 951 606 tabella
1004 550 1216 620 antiqua
1259 550 1531 618 iuscripta,
1574 552 1628 603 in

559 648 664 700 qua
685 632 746 683 fit
766 633 960 683 mentio
986 633 1040 682 T.
1070 632 1278 682 Tettieni
1307 631 1522 680 Victoris
1543 628 1629 680 Ε·

558 711 731 763 dilicti.
797 711 868 759 Et
906 710 960 759 in
995 710 1124 759 AEde
1163 710 1368 758 Sanctae
1400 708 1626 757 Caeciliae

539 786 614 836 ·in
655 787 758 837 alia
803 785 1023 843 tabella:
1079 785 1251 833 tiator.
1297 789 1517 847 quantor.
1567 783 1626 833 ob

557 874 712 913 (κων.
780 862 840 909 In
881 861 981 909 alia
1019 861 1070 907 iu
1108 859 1341 909 domibus
1381 859 1626 909 Domino·

557 957 670 993 rum
709 942 761 991 S.
798 942 978 991 Crucis
1008 940 1227 1000 legitur:
1283 939 1358 988 Ti.
1386 939 1625 988 onesimo.

555 1018 747 1067 viatori.
769 1017 970 1078 collegii.
995 1015 1175 1078 magni.
1242 1013 1390 1069 Quod
1428 1015 1626 1078 pariter

558 1101 615 1145 et
657 1094 845 1158 reliqui
885 1093 1218 1156 magistratus
1260 1091 1468 1141 viatores
1505 1105 1623 1154 pro-

475 1204 483 1212 .
557 1170 700 1235 prios
752 1168 1042 1230 habuerint,
1097 1167 1284 1217 rationi
1341 1181 1621 1217 consonum

557 1253 657 1309 est,
691 1252 747 1297 et
768 1236 990 1296 'constat
1038 1260 1102 1294 ex
1138 1244 1620 1315 Jurisconpultissl.

554 1322 714 1389 finali,
736 1322 800 1373 de
826 1324 995 1388 judic.
1015 1338 1067 1387 p.
1088 1324 1124 1374 l.
1147 1321 1316 1385 Magis
1343 1327 1479 1385 puto.
1500 1323 1530 1385 ᾧ
1553 1322 1620 1370 Il·

554 1403 639 1451 lud
673 1401 825 1464 φωτὶ
856 1404 1009 1463 potest
1031 1400 1096 1448 de
1120 1399 1273 1448 rebus
1297 1413 1494 1459 eorum,
1532 1398 1620 1462 qui

550 1476 647 1528 sub
672 1477 819 1528 tntel.
842 1492 894 1540 p.
959 1474 1114 1526 U'nde
1145 1482 1201 1525 et
1238 1475 1455 1525 Viatores
1475 1474 1618 1524 Prae-

552 1553 682 1604 toris
701 1553 814 1603 scil.
835 1554 917 1602 vel
929 1551 1172 1603 Judicum
1191 1553 1405 1601 aliorum
1423 1551 1618 1600 eisdem

549 1630 682 1679 dicti
704 1634 1009 1679 executores
1032 1629 1217 1692 litium,
1241 1637 1299 1679 ut
1322 1629 1618 1692 Imperator

551 1704 711 1754 docet
732 1704 785 1753 in
807 1706 836 1769 ξ
860 1705 1075 1768 Triplici,
1086 1706 1144 1753 de
1166 1704 1439 1755 actionibus.
1502 1705 1617 1755 Via-

549 1786 678 1832 tores
698 1794 764 1830 ex
785 1795 1045 1830 servorum
1084 1794 1275 1844 genere
1298 1779 1455 1830 fuisse
1494 1794 1616 1831 con-

549 1856 774 1908 tendunt
804 1856 963 1922 aliqui
1002 1871 1068 1905 ex
1103 1855 1474 1907 recentioribus
1496 1870 1616 1907 auc-

521 1972 524 1977 .
546 1934 763 1984 toritate
787 1933 1054 1984 Strabonis
1073 1934 1235 1983 innixi
1257 1934 1295 1982 l.
1308 1948 1364 1983 v·
1382 1939 1438 1983 et
1453 1932 1617 1984 Gellii

551 2025 609 2062 x.
631 2016 681 2063 8.
746 2011 894 2062 Idem
932 2019 988 2062 et
1021 2000 1273 2062 adversus
1310 2011 1536 2062 Picenos
1558 2008 1614 2062 et'

513 2110 518 2115 ·
547 2089 789 2140 Lucanos
823 2088 1187 2154 observatum,
1228 2089 1316 2154 qui
1353 2089 1612 2145 viatorum

545 2166 928 2217 tabellariorum
948 2168 1067 2217 loco
1082 2174 1202 2218 sunt
1217 2167 1394 2219 habiti.
1437 2168 1500 2218 In
1521 2183 1611 2233 op-

547 2245 773 2308 positum
797 2252 969 2296 tamen
984 2251 1091 2296 stat
1112 2246 1324 2309 veritas,
1359 2244 1610 2310 siquidem

546 2323 788 2375 Viatores
825 2325 966 2375 cives
1017 2327 1166 2375 Rom.
1204 2318 1363 2374 fuisse
1402 2330 1611 2377 constat

545 2415 611 2450 ex
647 2402 809 2467 antiq.
834 2402 1171 2467 inscriptione
1194 2401 1423 2466 tabellae,
1454 2416 1608 2466 quam

544 2479 661 2529 Car.
686 2479 931 2547 Sigonius
968 2481 1017 2528 d.
1057 2481 1095 2528 l.
1132 2478 1400 2531 describit.
1465 2479 1609 2528 Proe·

543 2562 689 2606 terea
712 2556 965 2622 quomodo
990 2558 1131 2607 Nero
1166 2556 1359 2606 liberto
1382 2562 1437 2606 et
1456 2570 1608 2606 accu-

541 2636 702 2686 satori
706 2650 1001 2713 {praemium
1042 2650 1214 2699 operae
1248 2634 1496 2696 dedisset,
1533 2634 1606 2684 lo·

539 2727 657 2763 cum
693 2698 746 2761 iu
785 2714 988 2762 theatro
1019 2711 1158 2761 inter
1194 2711 1441 2773 viatores,
1474 2711 1519 2760 si
1553 2710 1607 2760 hi

541 2805 609 2840 ex
651 2789 827 2838 servili
880 2802 1070 2853 genere
1120 2789 1453 2838 extitissent?
1519 2788 1606 2839 Ad

538 2860 655 2915 haec
693 2866 872 2915 Livius
912 2866 948 2913 l.
983 2877 1232 2914 xxxvrn.
1269 2863 1523 2927 scribit,‘
1546 2871 1607 2915 ut

539 2927 802 3005 postrerno
838 2941 1043 3005 scribae‚
1076 2941 1405 3008 viatoresque
1441 2941 1605 2993 tribu-

536 3031 630 3067 nos
660 3017 1046 3082 relinquerent!
1109 3018 1299 3084 Itaque
1322 3020 1547 3071 viatores
1571 3037 1603 3070 a

496 3126 504 3137 .
534 3093 712 3143 servili
748 3095 1001 3144 comitatu
1035 3094 1299 3146 discernit.
1364 3096 1450 3145 Ad
1485 3110 1603 3147 auc-

477 3214 484 3222 .
535 3154 777 3219 tbitates
819 3175 992 3219 autem
1028 3170 1298 3221 Strabonis
1343 3179 1399 3221 et
1441 3174 1602 3224 Gellii

533 3245 785 3313 diplmun
833 3237 970 3296 aliud
993 3261 1105 3304 esse
1138 3263 1376 3299 servorum
1395 3250 1497 3301 vice
1516 3251 1600 3305 laa-

532 3320 651 3386 beri‚
672 3322 810 3372 aliud
835 3336 961 3373 vero
994 3338 1181 3373 mum
1201 3320 1299 3376 e'sse
1313 3343 1334 3385 ,-
1377 3340 1597 3391 namque

531 3406 588 3449 et
604 3400 864 3450 communi
881 3403 1227 3465 appellatione
1245 3403 1400 3453 etiam
1418 3404 1600 3454 servire

531 3475 898 3543 dicuntur‚qui
938 3479 1088 3528 liberi
1127 3487 1264 3542 sunt,
1289 3495 1404 3530 ‘nou
1443 3482 1596 3532 servi.

531 3553 602 3603 Et
624 3553 697 3602 ita
720 3568 750 3601 a
772 3553 1023 3604 Frontino
1047 3549 1137 3604 lib‘.
1173 3556 1238 3605 de
1259 3555 1597 3621 Aquaeducti-

528 3627 643 3691 bus,
665 3635 721 3678 et
744 3645 775 3678 a
797 3630 1032 3679 Varrone
1058 3637 1112 3681 et
1136 3633 1282 3682 Livio
1302 3633 1598 3698 apparitores

529 3704 694 3771 (iuter
712 3721 839 3772 quos
863 3708 1087 3759 viatores
1105 3709 1401 3774 statuimus)
1419 3724 1595 3761 servos

529 3782 765 3845 publicos
796 3785 1090 3847 appellatos
1130 3786 1476 3849 observamus,
1495 3778 1614 3836 hoc'

488 3865 628 3919 ‘est‚
676 3861 763 3925 qui
804 3862 1009 3924 publico
1064 3863 1392 3927 inservirent,
1433 3878 1591 3929 quum

526 3942 698 3988 tamen
720 3938 771 3987 hi
796 3938 906 3988 fere
928 3954 1113 3993 omnes,
1126 3955 1191 3989 ex
1224 3940 1467 3990 libertino
1502 3955 1591 4004 ge·

526 4029 654 4064 nere
697 4016 889 4077 essent,
934 4016 1012 4066 uti
1051 4017 1231 4066 Cicero
1272 4017 1340 4066 ad
1385 4018 1452 4069 Q.
1502 4016 1597 4066 ΡΥ.

527 4088 845 4140 scribens'et
880 4091 1124 4157 Appium,
1159 4096 1212 4145 in
1253 4094 1405 4144 Verr.
1442 4101 1498 4144 et
1535 4095 1586 4143 in

526 4166 682 4218 Corn.
721 4166 895 4230 docet,
933 4175 988 4219 et
1023 4170 1460 4221 Tacitusl.x111.
1498 4170 1587 4220 de·

487 4305 503 4320 ι
524 4249 798 4293 monstrat.
862 4245 1077 4309 Valgius
1101 4245 1265 4296 Rufus
1293 4254 1349 4296 et
1370 4263 1487 4297 cum
1522 4263 1586 4297 eo

525 4317 725 4368 Gellius
761 4330 867 4370 ιιι.
898 4322 950 4371 3.
1022 4322 1238 4373 Viatores
1274 4323 1325 4372 in
1349 4323 1585 4388 icollegio

1268 411 1488 464 NO'I'AE
1539 409 1940 463 vammum
1990 412 2072 463 lu

1703 552 1946 605 lictorum
1985 560 2285 620 reposuere,
2302 568 2429 621 quos
2464 556 2766 609 umarus-

1703 644 1904 680 errasse
1925 645 1992 681 ex
2020 632 2130 694 jam
2154 632 2306 681 dictis
2329 638 2574 694 constan
2622 648 2766 699 apes-

1703 707 1805 757 tius
1827 721 1952 756 vero
1976 722 2042 756 ex
2067 711 2274 772 antiqua
2295 710 2492 759 tabella
2514 710 2768 774 dignosci·

1703 789 1788 830 tur
1809 797 2077 845 praecoues
2102 784 2273 848 potius
2296 799 2362 833 ex
2388 785 2647 835 viatorum
2669 788 2770 836 col·

1700 859 1838 924 legio
1859 857 2039 921 fuisse,
2060 876 2212 925 quam
2230 861 2452 912 lictores.
2501 864 2764 915 Quantum

1700 935 2019 987 aberraverit
2057 938 2268 988 doctiss.
2307 937 2530 988 Turneb.
2571 939 2608 988 1.
2632 952 2673 989 1.
2711 945 2767 989 et

1700 1025 1747 1061 c.
1771 1016 1851 1061 11.
1887 1012 2090 1062 viatoris
2127 1028 2303 1063 vocem
2339 1030 2405 1065 ex
2440 1016 2658 1079 antiqua
2690 1015 2764 1066 in-

1698 1088 1976 1152 scriptione
1998 1090 2368 1155 interpretans,
2387 1107 2451 1145 ex
2478 1091 2639 1143 dictis
2652 1093 2763 1157 jam

1698 1166 1827 1215 satis
1848 1173 2031 1229 patere
2068 1174 2207 1231 puto.
2275 1169 2496 1218 Marcell.
2526 1170 2763 1221 Donatus.

1760 1242 1938 1292 Junius
1960 1244 2236 1294 Germanici
2253 1246 2514 1309 vocabulis]
2566 1245 2765 1308 Melini,

1694 1319 1889 1370 Juzius:
1944 1322 2176 1385 sequitur
2220 1324 2375 1385 enirn,
2414 1324 2523 1372 ideo
2563 1324 2762 1375 sunium

1693 1397 2034 1449 transmissum.
2069 1400 2357 1453 Ferrettns.
2418 1401 2564 1450 Libri
2590 1415 2761 1453 omues

1694 1481 1750 1525 et
1780 1478 1910 1526 MsS.
1937 1484 1990 1525 et
2010 1477 2138 1526 editi
2159 1479 2212 1527 in
2235 1492 2381 1539 voce,
2399 1478 2602 1539 Juaius,
2641 1492 2760 1528 cou-

1693 1554 1944 1604 sentinnt.
2026 1554 2233 1618 Lipsius
2285 1555 2537 1617 reposuit,
2575 1555 2760 1617 Julius,

1690 1628 1831 1681 Juuii
1875 1644 2058 1680 vocem
2099 1629 2277 1681 falsam
2326 1631 2658 1693 adseverans,
2699 1644 2759 1680 eo

1691 1706 1828 1770 quod
1852 1709 2024 1757 statim
2047 1715 2313 1771 sequatur,
2345 1707 2361 1735 ‘
2384 1706 2602 1758 sunium
2624 1721 2763 1756 men·

1689 1795 1796 1831 sem
1822 1784 2190 1834 transmissum.
2194 1782 2210 1806 '
2275 1783 2419 1833 Huic
2444 1783 2677 1848 opinioni
2696 1797 2783 1835 εστ

1687 1858 1959 1908 mutationi
1993 1859 2230 1909 assentiri
2268 1858 2481 1908 minime
2514 1859 2683 1923 potui,
2703 1864 2759 1908 et

1688 1936 1955 2002 antiquam
1980 1951 2042 1987 ac
2064 1936 2341 2025 Quinam
2379 1935 2659 1989 lectionem
2682 1948 2761 1984 re·

1687 2012 1853 2064 stitui.
1922 2014 2056 2063 Nam
2079 2009 2239 2067 orfiti
2262 2010 2495 2065 adulatio
2518 2026 2583 2062 eo
2610 2025 2756 2105 spec·
2833 2012 2837 2018 '
2906 1994 2911 2000 ⁸
2968 2036 2971 2061 ι

1687 2095 1786 2151 tat,
1808 2079 1911 2140 &c‘
1942 2088 1974 2118 ⁴*
2007 2086 2236 2140 Piche'no.

1748 2167 1866 2216 Ideo
1912 2165 2112 2214 Junium
2155 2181 2356 2215 mensem
2400 2162 2754 2228 transmissum]

1684 2242 1751 2293 Id
1773 2248 1871 2304 est,
1888 2241 2145 2292 censendo
2168 2257 2199 2292 a
2220 2255 2276 2291 se
2298 2256 2400 2291 non
2415 2242 2756 2305 nominatum,

1685 2320 1810 2369 licet
1846 2319 1974 2369 satis
2013 2318 2397 2382 intelligeretur
2428 2319 2518 2383 qui
2553 2320 2764 2369 Maium.

1683 2395 1824 2445 inter
1846 2401 1902 2444 et
1922 2395 2118 2449 Julium
2140 2400 2297 2445 esset.
2345 2395 2569 2446 Vertron.
2634 2395 2754 2446 Hoc
2830 2416 2837 2425 ·

1685 2480 1785 2536 est,
1807 2473 2065 2537 omissum,
2086 2460 2333 2535 deletum,
2370 2470 2619 2524 oblivioni
2654 2482 2755 2523 tra·
2794 2482 2831 2509 ··

1685 2549 1869 2614 ditum,
1892 2550 2207 2613 neglectum,
2239 2548 2495 2614 quomodo
2516 2563 2635 2613 sup.
2658 2561 2750 2599 xv.

1682 2630 1765 2679 ³1.
1832 2627 1848 2656 ‘
1885 2627 2060 2676 inania
2111 2624 2571 2680 transmittuntur.'
2667 2626 2753 2676 Sic

1680 2704 2005 2755 tronmttere
2023 2704 2230 2766 cilentio,
2251 2703 2641 2768 minutatione,
2670 2705 2750 2767 ξε.

1682 2782 1810 2833 alibi
1846 2782 1985 2847 apud
2027 2791 2278 2832 nostrum.
2367 2779 2749 2832 oblitteratum

1680 2874 1808 2923 ergo
1831 2873 2015 2910 nomen
2045 2858 2207 2920 Junii,
2242 2858 2295 2907 in
2330 2858 2501 2911 Juniae
2542 2856 2749 2907 familiae

1680 2937 1926 2987 dedecus.
1995 2936 2210 2985 Frustra
2232 2941 2463 2986 aestuant
2496 2935 2598 2984 viri
2628 2935 2749 2986 doc·

1679 3016 1790 3065 tiss.
1809 3015 1895 3080 qui
1918 3016 2032 3065 haec
2055 3014 2208 3065 aliter
2222 3019 2321 3064 aut
2342 3013 2643 3080 emendant,
2659 3017 2748 3063 aut

1679 3093 1961 3174 explicant.
2027 3090 2320 3143 Freinshm.

1742 3147 2019 3235 Iasensium
2052 3183 2220 3219 nomen
2256 3167 2461 3221 sunium
2491 3165 2744 3231 fecissent]

1675 3248 1820 3298 Male
1844 3253 2014 3309 antea,
2034 3260 2202 3297 nomen
2216 3245 2359 3294 Junii
2380 3243 2743 3305 tumfecisseat·

1675 3323 1993 3374 Emendavit
2028 3322 2256 3385 Lipsius,
2293 3326 2349 3370 et
2389 3321 2590 3370 indicat
2625 3321 2742 3370 Flo·

1674 3407 1813 3450 rent.
1837 3400 1925 3465 qui
1947 3398 2124 3464 habet,
2165 3411 2329 3448 nomen
2349 3396 2594 3458 :iunctam-
2658 3396 2743 3447 Pi·

1672 3478 1853 3527 chena-

1738 3556 1870 3608 CAP.
1911 3560 1989 3606 13.
2037 3544 2335 3618 Periulitque
2373 3554 2648 3607 violenciam
2679 3554 2741 3604 od

1671 3634 1844 3683 moenia
1863 3633 2018 3696 urbis]
2082 3633 2244 3684 Liber
2268 3633 2372 3682 Ms.
2393 3635 2460 3681 od
2477 3632 2651 3683 mania
2669 3632 2739 3682 υἰ-

1669 3709 1775 3757 cina
1805 3710 1930 3759 urbi.
1996 3710 2242 3773 Suspicor
2271 3709 2609 3759 scribendum
2632 3716 2738 3758 tau-

1671 3791 1797 3849 tum,
1812 3787 1874 3834 od
1895 3785 2048 3835 vicina
2072 3786 2196 3834 urbi.
2261 3785 2350 3837 Sic
2381 3785 2528 3834 Hist.
2550 3785 2638 3834 lib.
2659 3798 2736 3835 tv·

1669 3860 1686 3891 ‘
1711 3860 2006 3926 Caeterique
2026 3875 2121 3923 per
2145 3861 2324 3910 urbem
2346 3866 2402 3910 et
2427 3860 2547 3910 urbi
2572 3860 2734 3917 vicina

1668 3934 1982 4002 conquisiti!
2054 3937 2188 3986 Nam
2215 3943 2465 4001 quantum
2489 3937 2558 3987 ad
2580 3937 2734 4001 scrip·

1668 4021 1836 4065 turam
1858 4013 2069 4076 attinet,
2088 4012 2394 4062 vocabulum
2423 4014 2598 4064 moenio
2631 4028 2730 4064 non

1664 4089 1845 4139 differt
1868 4105 1899 4139 a
1921 4089 2146 4140 dictione
2169 4089 2343 4152 vidua,
2363 4090 2547 4154 itaque
2579 4089 2730 4155 conji-

1664 4167 1745 4216 cio
1802 4167 1879 4216 bis
1926 4167 2178 4231 scriptum
2222 4167 2360 4216 idem
2404 4166 2727 4218 vocabulum.

1662 4243 1927 4372 &gmon
1944 4319 2302 4386 Lugdunensem
2328 4322 2614 4388 quodi-ogia
2634 4317 2731 4372 Hs
