3009 4942
423 392 601 462 3798

425 552 523 605 bus
535 551 845 618 negandum,
861 553 1029 605 donec
1046 555 1141 605 sub
1154 570 1276 620 rege
1292 559 1486 617 essent,

425 628 677 680 decrevit.
763 632 922 695 Cujus
966 632 1167 681 decreti
1210 646 1487 695 suppressa

427 704 564 756 fama
595 712 678 757 est
694 709 835 756 Veiis
872 715 1088 772 propter
1111 716 1301 758 metum
1320 708 1486 770 regis3

428 782 517 847 qui
556 798 587 832 a
608 799 711 847 qno
744 785 846 833 tale
875 785 995 849 quid
1034 785 1227 834 dictum
1269 784 1487 833 referre-

427 864 533 920 tur,
553 873 647 922 pro
679 860 943 910 seditionis
966 875 1083 911 eum
1107 861 1360 924 principe,
1381 876 1486 911 non

422 936 542 988 vani
567 941 813 990 sermonis
832 947 1044 991 auctore
1062 941 1326 991 habebat!
1342 942 1487 993 Idem

428 1012 464 1062 l.
500 1026 672 1065 xxm.
705 1015 723 1043 ‘
746 1015 910 1066 Auxit
937 1031 1108 1066 rerum
1144 1032 1349 1067 suarum
1389 1019 1488 1068 sui-

430 1104 531 1154 que
552 1097 905 1154 contemptum
942 1093 1119 1143 consul
1156 1093 1306 1144 nimis
1344 1095 1488 1145 dete-

430 1165 601 1229 gendo
635 1167 836 1217 cladem
869 1169 1250 1235 nudandoque.’
1315 1171 1490 1221 Caesar

430 1242 471 1291 l.
506 1255 607 1291 vu.
640 1244 656 1272 ⁴
678 1244 760 1292 Ex
805 1245 942 1294 omni
985 1260 1220 1308 numero,
1255 1248 1341 1311 qui
1386 1247 1491 1297 fuit

431 1317 646 1373 circiter
697 1324 896 1382 4⁰,ooo.
940 1323 1027 1372 vix
1073 1327 1188 1373 800.
1212 1323 1492 1374 incolumes

432 1394 500 1443 ad
531 1392 1047 1459 Vercingentorigem
1104 1407 1489 1463 pervenerunt:

433 1485 562 1535 quos
598 1471 687 1521 ille
724 1474 889 1524 multa
918 1475 1031 1538 jam
1076 1481 1248 1536 nocte,
1285 1477 1494 1526 silentio

434 1548 510 1598 sic
548 1562 615 1596 ex
651 1546 778 1613 fuga
809 1552 1017 1615 excepit
1037 1550 1259 1617 (veritus
1291 1566 1358 1602 ne
1392 1567 1496 1617 qua

434 1623 488 1672 in
513 1626 697 1675 castris
721 1640 787 1677 ex
819 1641 995 1676 eorum
1025 1643 1278 1679 concursu
1314 1637 1369 1679 et
1399 1630 1495 1679 mi-

436 1701 719 1752 sericordia
752 1703 893 1768 vulgi
937 1704 1122 1767 seditio
1159 1705 1409 1768 oriretur)
1439 1712 1499 1756 ut

436 1777 622 1841 procul
655 1777 710 1827 in
743 1779 827 1828 via
859 1780 1122 1845 dispositis
1162 1780 1499 1832 familiaribus

439 1853 561 1913 suis,
580 1854 998 1920 principibusque
1019 1856 1312 1920 civitatum,
1324 1857 1498 1922 dispa-

437 1928 626 1979 randos
646 1929 1079 1996 deducendosque
1103 1932 1169 1982 ad
1202 1948 1320 1983 suos
1351 1949 1498 1985 cura-

437 2012 536 2070 ret,
557 2023 672 2073 quae
693 2009 884 2074 cuique
913 2011 1114 2063 civitati
1153 2027 1275 2077 pars
1307 2020 1499 2064 castro·

440 2096 554 2132 rum
577 2084 644 2134 ab
666 2084 815 2134 initio
837 2085 1157 2138 obvenerat)
1216 2088 1498 2140 Gronovius.

509 2161 610 2217 Qui
629 2167 732 2213 tum
751 2166 962 2214 custodes
981 2165 1280 2230 imperatori]
1333 2168 1500 2216 Rece-

442 2238 522 2301 pit
561 2251 687 2304 ergo
720 2242 910 2291 iterum
934 2242 1218 2292 Germanos
1259 2242 1502 2293 custodes

442 2314 707 2380 Tiberius,
741 2319 1019 2369 destitutos
1041 2327 1161 2383 post
1181 2319 1379 2370 cladem
1400 2321 1501 2370 Va-

441 2391 642 2443 rianam
665 2393 730 2443 ab
755 2393 1005 2459 Augusto.
1067 2395 1343 2446 Suetonius
1360 2395 1499 2461 Aug.

444 2482 494 2518 c.
535 2474 620 2519 49.
696 2471 784 2521 De
839 2470 1139 2521 custodibus
1192 2472 1324 2536 istis,
1376 2473 1501 2522 alibi

441 2542 665 2595 abunde.
696 2548 907 2612 Lipsius.

491 2619 872 2686 Rectorjtweus]
902 2622 1187 2688 *Virgilius
1202 2627 1505 2675 custodemet

442 2695 660 2745 comitem
677 2705 833 2748 vocat
855 2700 890 2748 l.
914 2714 968 2749 v.
999 2700 1015 2727 ‘
1041 2701 1321 2751 Custodem
1339 2702 1407 2751 ad
1426 2717 1504 2751 se-

445 2784 504 2820 se
543 2771 890 2837 comitemque
929 2775 1148 2840 impubis
1178 2776 1281 2825 Iuli
1307 2778 1508 2842 AEpyti-

443 2845 546 2895 den
571 2849 753 2900 vocat!
812 2852 1118 2914 Spartianus
1150 2854 1201 2901 in
1226 2855 1504 2904 Postumo:

441 2922 461 2952 ⁴
485 2923 561 2974 Ut
579 2924 874 2976 Saloninum
885 2927 1050 2978 filium
1069 2944 1218 2979 suum
1238 2930 1508 2981 Gallienus

320 3024 339 3031 κ
443 3000 501 3051 in
521 3000 698 3053 Gallia
718 3004 939 3067 positum
963 3006 1205 3056 crederet
1226 3007 1372 3071 quasi
1395 3023 1509 3058 cus-

445 3077 558 3127 todi
573 3077 695 3129 vitae
717 3086 773 3130 et
786 3095 984 3130 morum
1002 3088 1056 3132 et
1076 3088 1282 3133 actuum
1304 3085 1512 3149 imperi-

445 3152 639 3202 alium!
702 3154 1040 3218 Symmachus
1058 3160 1333 3209 monitorem
1353 3168 1510 3212 vocat

446 3227 619 3292 Epist.
641 3243 729 3279 111.
752 3235 834 3281 13.
866 3232 1109 3284 Aurelius.

513 3307 915 3373 Prmmmque
936 3313 1221 3376 mentator]
1268 3315 1389 3364 Nou
1410 3316 1508 3365 hoc

446 3382 669 3434 voluisse
723 3385 931 3435 videtur
984 3390 1209 3453 Tacitus,
1263 3399 1508 3457 tanquam

448 3457 564 3521 ipae
609 3467 914 3525 ostentator,
958 3465 1049 3513 sed
1091 3468 1176 3531 qui
1215 3471 1510 3532 exemplum

448 3533 568 3585 aliis
612 3544 754 3587 esset
798 3540 1140 3600 periculorum
1179 3557 1240 3590 ac
1276 3546 1512 3606 praemio-

448 3624 580 3662 rum.
654 3613 826 3678 Igitur
880 3618 1069 3688 legam,
1105 3623 1383 3681 ostentatui,
1428 3624 1511 3671 vel

448 3689 652 3738 adeunti
685 3690 855 3754 phrasi
883 3694 1062 3745 Tacito
1095 3693 1513 3760 familiarissima,

452 3770 513 3813 ut
529 3770 587 3813 et
619 3769 854 3831 sequenti
901 3783 1015 3817 mox
1043 3785 1262 3832 pagmaz
1303 3773 1513 3836 Corpora

447 3843 590 3890 extra
627 3842 798 3891 vallum
833 3843 1009 3904 abiecta
1042 3849 1265 3898 ostentui.
1322 3848 1509 3911 Acida-

449 3915 565 3967 lius.
598 3918 1005 3982 circumloquuti
1030 3935 1218 3986 sumus,
1235 3927 1320 3990 qui
1346 3928 1510 3988 poeuis

450 3996 508 4041 et
549 3996 772 4056 praemiis
816 3999 1093 4058 propositis
1141 4002 1512 4068 =u‹·ul‹·atisque

454 4065 607 4118 officii
632 4072 948 4125 admoueret.
986 4076 1353 4127 Freinshemius.

422 4195 427 4201 ,
517 4144 688 4209 Neque
708 4150 971 4211 insignibus
989 4152 1257 4217 fulgentes]
1308 4159 1386 4206 De
1407 4161 1511 4206 cul·

452 4226 513 4272 tu
531 4227 591 4272 et
608 4223 809 4277 incultu
832 4229 1106 4294 insignium
1126 4232 1354 4282 notanda
1375 4249 1515 4298 quae·

453 4296 573 4349 dam
612 4299 851 4370 observo,
888 4311 946 4357 et
984 4321 1164 4372 promo
1203 4308 1259 4360 in
1296 4309 1516 4361 Excurs.

1113 408 1332 460 1⁵10?AE
1380 404 1790 461 Varnenum
1839 406 1921 463 m

1560 557 1613 606 in
1638 557 1682 606 I.
1716 544 1939 622 Lipsius.

1628 634 1759 683 Car.
1783 638 1866 683 25.
1903 634 2080 682 Portas
2093 631 2378 682 sedis-ibus
2391 628 2638 699 flama]-

1562 708 1647 758 Sic
1671 709 1871 773 accepi,
1893 706 2034 774 quasi
2068 708 2371 772 simpliciter
2402 708 2629 771 diceret}

1563 785 1811 835 stationes
1847 786 1898 834 iu
1935 785 2095 849 portis
2127 785 2418 835 collocant:
2451 784 2627 850 neque

1562 875 1699 911 nnnc
1745 862 1899 912 aliter
1944 863 2149 912 sentio:
2185 872 2489 927 quamquam
2523 870 2636 910 uon·

1563 936 1801 986 damnem
1827 938 2149 1001 diligentiam
2173 942 2377 999 eorum,
2400 937 2486 1002 qui
2508 952 2629 987 ver·

1562 1011 1927 1079 bumfimoendi
1950 1014 2148 1062 numeri
2165 1026 2365 1077 quoque
2384 1012 2628 1064 idoneam

1564 1090 1967 1153 magnitudinem
2022 1091 2303 1153 complecti
2359 1091 2456 1140 rati
2487 1095 2629 1142 sunt.

1564 1166 1930 1216 Freinshemius.

1628 1242 1789 1291 Atrox
1820 1243 2012 1304 clamor,
2042 1248 2235 1307 repente
2268 1241 2426 1307 quies]
2455 1240 2629 1292 Video

1566 1319 1833 1382 expulsam
1852 1320 2075 1382 priscam
2089 1333 2284 1377 vocem,
2301 1333 2465 1383 repens
2479 1318 2631 1382 quiet.

1568 1396 1734 1445 Porro
1772 1397 1894 1446 huic
1928 1396 2203 1446 sententie
2225 1396 2476 1445 Silianam
2497 1394 2634 1444 illuc!

1572 1448 1721 1536 plaffie
1758 1473 2011 1537 geminum
2045 1478 2157 1522 est:
2193 1473 2208 1501 ‘
2245 1473 2455 1522 Clamor
2486 1484 2633 1535 sepe

1571 1564 1777 1614 repens,
1811 1555 1866 1600 et
1887 1565 2029 1615 saepe
2050 1550 2256 1599 silentia
2276 1549 2396 1598 fixis
2432 1548 2493 1598 Iu
2533 1549 2633 1598 tel·

1571 1629 1736 1677 lurem
1780 1628 1980 1685 oculis!
2042 1627 2247 1676 Clamor
2285 1632 2480 1689 autem,
2512 1640 2634 1676 cum

1572 1709 1850 1767 terrerent,
1888 1710 1949 1754 ut
1994 1704 2262 1768 sequitur3
2309 1703 2472 1768 quies,
2512 1715 2634 1752 cum

1575 1781 1835 1831 timerent.
1869 1781 2079 1844 Lipsius.

1640 1857 1774 1907 Car.
1792 1862 1874 1907 26.
1898 1858 2133 1907 Mandata
2156 1856 2386 1906 Clementi
2405 1853 2637 1905 centurio»

1571 1932 1645 1994 ni,
1682 1947 1789 1996 quoe
1823 1931 2096 1997 preferret]
2136 1931 2399 1995 Persen-ree,
2428 1930 2638 1994 reposui

1563 2008 1789 2072 jubente
1811 2007 1914 2057 Ms.
1959 2008 2147 2071 Supra,
2163 2008 2180 2036 ‘
2202 2008 2290 2072 qui
2308 2006 2640 2072 perferendis

1574 2085 1796 2138 militum
1814 2085 2067 2135 mandatis
2084 2085 2369 2135 habebatur
2382 2082 2640 2134 idoneus!

1576 2164 1689 2213 Lib.
1714 2177 1826 2214 xiv.
1848 2165 1865 2193 ‘
1891 2163 2235 2228 gladiumque,
2253 2161 2370 2211 dum
2395 2160 2641 2210 mandata
2665 2183 2672 2189 ·

1577 2238 1796 2303 perfert,
1818 2239 2005 2304 abjicit
2025 2240 2165 2289 inter
2187 2239 2349 2302 pedes
2371 2236 2517 2301 ejus?
2552 2237 2642 2286 Pe·-

1576 2316 1737 2366 cloenu.
1763 2316 1839 2367 At
1851 2315 2112 2378 Aurelius,
2122 2318 2137 2345 ‘
2150 2314 2321 2364 Barda
2335 2329 2451 2364 mea
2462 2312 2640 2377 meus,'

1578 2393 1670 2456 ait,
1693 2395 1709 2423 ‘
1727 2394 1769 2443 si
1788 2398 1991 2444 excusse
2013 2391 2224 2442 lectioni
2239 2389 2593 2456 patrocinaret
2607 2388 2644 2440 τ’

1580 2469 1792 2533 vultque
1808 2468 2044 2534 proferret
2061 2475 2115 2517 et
2133 2466 2452 2531 proserendt's:
2472 2479 2642 2531 neque

1577 2544 1660 2594 hic
1698 2551 1919 2606 tautum,
1944 2559 2119 2593 verum
2159 2549 2215 2593 et
2254 2542 2390 2607 apud
2412 2542 2644 2592 Plinium

1579 2622 1617 2670 l.
1659 2634 1825 2671 xvm.
1868 2625 1917 2671 8.
1974 2623 1989 2649 ‘
2019 2622 2217 2683 Viator,
2258 2621 2388 2670 Vela
2430 2634 2646 2684 corpus,

1580 2696 1766 2761 iuquit,
1798 2704 1858 2747 ut
1895 2697 2154 2761 proferam
2188 2704 2400 2747 senatus
2437 2695 2643 2760 populi·

1581 2776 1683 2838 que
1708 2774 1925 2824 Romani
1961 2774 2240 2825 mandata?
2276 2776 2345 2824 Et
2379 2775 2433 2824 in
2468 2773 2646 2823 Plinio

1581 2849 1790 2914 quidem
1819 2851 1931 2914 Jam
1971 2851 2047 2900 sic
2084 2851 2362 2900 ediderunt
2382 2866 2400 2901 ε
2430 2849 2525 2900 sed
2566 2857 2647 2899 ta-

1581 2941 1699 2977 men
1735 2934 1922 2977 notaut
1954 2928 2008 2976 in
2044 2927 2243 2990 optimo
2280 2925 2488 2978 Chiflet.
2528 2940 2646 2977 esse

1577 3002 1829 3066 perferam.
1897 3004 2012 3054 Nec
2034 3003 2236 3065 dubito,
2271 3003 2395 3069 quin
2430 3002 2644 3055 rectius.

1582 3080 1768 3143 Neque
1789 3080 1925 3128 enim
1952 3080 2153 3142 perlata
2174 3086 2312 3142 sunt,
2349 3079 2648 3144 priusquam

1583 3155 1760 3205 audita
1795 3162 1853 3205 et
1886 3157 2251 3217 pronuntiata:
2284 3162 2340 3205 et
2379 3154 2647 3216 pronunti-

1584 3232 1717 3280 ando
1734 3231 2030 3292 traduntur,
2041 3231 2179 3294 quod
2193 3231 2315 3295 quid
2340 3231 2479 3280 aliud
2488 3244 2648 3295 quam

1578 3307 1896 3371 perferuntur.
1917 3308 2168 3358 Similiter
2183 3310 2321 3373 apud
2339 3308 2659 3359 juvenalem

1583 3385 1694 3434 Sat.
1721 3398 1797 3433 vt.
1822 3399 1931 3435 ver.
1948 3387 2115 3435 390st
2137 3385 2440 3448 dictataque
2485 3384 2648 3437 verba

1586 3460 1853 3523 Pertulit,’
1897 3475 2086 3523 genere
2134 3461 2378 3525 loquendi
2420 3461 2649 3511 Satiran

1587 3539 1860 3588 admodum
1899 3539 2109 3589 decenti
2148 3539 2199 3587 in
2240 3539 2480 3602 precibus
2513 3551 2650 3603 με·

1586 3618 1762 3665 sertim
1805 3631 1983 3680 parum
2022 3616 2254 3680 probatis
2308 3632 2338 3666 a
2374 3616 2649 3666 sacerdote

1587 3702 1853 3757 praeeunte
1890 3692 1992 3742 ‘ad
2034 3693 2177 3741 Deos
2219 3692 2424 3742 scilieet
2464 3702 2649 3743 secun-

1588 3771 1708 3819 dum
1738 3766 2193 3831 cousuetudinem‚'
2219 3777 2272 3818 ut
2309 3769 2467 3818 habet
2494 3773 2650 3819 vetus

1585 3845 1914 3895 Sclwliastes.
1980 3843 2098 3892 Non
2120 3858 2247 3906 ergo
2265 3845 2484 3907 protulit.
2513 3844 2656 3896 Gus-

1587 3936 1785 3972 novius.

1562 3994 1589 4021 ⁸
1651 3998 1893 4046 Denarius
1928 3998 2143 4047 diumum
2172 3997 2480 4061 stipendium]
2526 3996 2656 4053 Fer-2

1590 4085 1731 4124 retus
1771 4076 1974 4136 putavit
2014 4075 2086 4124 sic
2125 4076 2484 4139 accipiendum
2511 4076 2651 4126 huno

1590 4155 1779 4212 locum,
1803 4152 1950 4216 quasi
1992 4152 2100 4200 bini
2141 4153 2336 4203 denarii
2375 4167 2651 4218 posceren-

1590 4239 1695 4279 tur.
1761 4229 1864 4277 Sed
1888 4229 1994 4297 falli
2014 4230 2282 4279 Feri-etum
2302 4229 2534 4281 ostendit
2551 4229 2654 4283 hoc

1587 4308 1705 4358 loco
1749 4305 1976 4371 Lipsius,
2026 4304 2304 4372 firmatque
2377 4304 2653 4360 &naun
