3009 4942
827 381 978 430 ma.
1027 383 1076 443 ι.
1121 369 1450 437 ose..44.
1496 384 2069 449 msrromanuu.

340 526 518 603 pibus,
580 527 648 581 ad
719 544 949 594 praesens
1022 532 1412 585 munimentum.

339 607 511 669 ,Quam
536 608 635 657 etsi
656 607 770 672 ipse
789 608 1010 659 lucidam
1027 616 1081 658 et
1105 625 1274 658 veram
1297 624 1410 658 sen·

338 683 558 746 tentiam
590 684 739 746 dicit,
762 699 860 750 ego
887 697 1055 735 tamen
1075 686 1223 735 valde
1242 687 1410 737 adbuc

337 758 609 815 obscuram
646 770 703 812 et
735 763 989 813 incertam
1032 763 1199 812 video.
1268 763 1407 816 Quid

337 838 478 899 enim
510 840 621 888 est?
671 841 790 891 ulcio
823 841 873 889 iu
909 837 1187 905 posterum?
1221 848 1276 891 et
1315 857 1408 892 cur

331 921 506 978 mutat
529 918 959 980 elegantissimam
983 917 1294 967 locutionem
1308 923 1404 968 tru-

327 990 437 1065 dito
468 992 631 1043 more?
712 994 874 1057 Cujus
919 994 1161 1057 exempla
1212 994 1404 1060 ubique

329 1071 498 1133 ,multa
520 1087 533 1119 z
560 1073 709 1120 Curt.
735 1071 769 1121 l.
794 1085 877 1121 ιιι.
896 1071 1011 1120 ‘Ita
1028 1071 1223 1122 tradito
1247 1088 1405 1135 more,

331 1156 396 1216 nt
440 1149 689 1199 victorem
736 1150 861 1200 victi
893 1150 1026 1214 regis
1066 1150 1402 1201 tabernaculo

325 1227 683 1293 fixciperentl
718 1227 795 1278 Id.
819 1228 853 1277 1.
879 1242 931 1278 v.
964 1229 979 1254 ‘
998 1227 1101 1277 Sed
1128 1243 1218 1277 rex
1254 1229 1400 1279 dese-

325 1317 450 1359 rere
484 1305 673 1355 milites
702 1304 987 1371 insepultos
1037 1304 1400 1370 erubescebat,

325 1381 410 1447 ita
449 1384 643 1434 tradito
667 1399 827 1447 more,
869 1392 929 1434 ut
966 1385 1052 1435 vix
1074 1386 1236 1434 ullum
1268 1385 1398 1434 mili-

327 1459 419 1509 tiae
464 1468 568 1511 tam
610 1462 820 1512 solenne
842 1468 980 1512 esset
1021 1476 1222 1522 munus,
1244 1478 1394 1529 quam

323 1537 571 1596 humandi
606 1541 757 1590 suos!
820 1539 945 1605 Ipse
983 1542 1105 1591 Tac.
1148 1541 1244 1592 hoc
1282 1542 1393 1605 ipso

322 1614 419 1671 lib.
455 1618 470 1644 ‘
489 1617 535 1666 N
542 1632 676 1681 eque
689 1617 789 1666 illis
796 1616 1052 1682 judicium
1071 1626 1158 1667 aut
1173 1619 1390 1680 veritas;

317 1692 420 1747 sed
443 1692 636 1745 tradito
669 1710 831 1761 more,
865 1711 1227 1761 quemcunque
1250 1697 1391 1761 prin-

317 1773 495 1839 nipem
542 1774 823 1829 adulandi)

313 1858 506 1915 peccat
530 1852 654 1904 Tac.
693 1858 879 1901 contra
916 1852 1387 1902 Grammaticorum

315 1928 545 1992 regulas,
581 1942 753 1993 neque
777 1942 896 1977 eum
918 1944 949 1977 a
984 1925 1162 1977 ferulis
1185 1929 1385 1979 illorum

311 2005 588 2071 quisquam
609 2005 874 2059 liberabit.
936 2006 1109 2058 Jubeo
1146 2022 1384 2058 securum

312 2097 436 2132 esse
468 2082 642 2135 Taciti
686 2083 910 2134 nomine.
978 2085 1091 2149 Ego
1130 2084 1381 2139 liberabo.

310 2159 435 2217 Nec
458 2159 512 2211 in
537 2161 707 2211 verbis
727 2160 1077 2227 quidemipsis
1105 2163 1381 2228 quicquam

304 2240 480 2299 muto,
496 2238 680 2287 saltem
705 2238 755 2286 in
781 2252 959 2287 eornm
991 2237 1192 2291 ordine.
1243 2231 1381 2291 'Tra-

294 2311 471 2377 jectio
493 2312 946 2379 enim‚,manifesta
978 2321 1094 2378 est;
1133 2330 1285 2381 quam
1322 2325 1379 2368 ct

302 2390 553 2449 Muretus
578 2391 800 2442 viderat.
865 2393 1044 2457 anue
1068 2395 1261 2458 corrigi
1285 2396 1377 2446 du·

305 2467 526 2532 pliciter
547 2476 740 2533 potest,
779 2470 859 2519 vel
876 2472 961 2521 sed
980 2469 1166 2519 tradito
1193 2474 1375 2536 priuci-

297 2543 447 2608 pibtu
479 2562 627 2609 more,
669 2547 893 2597 ultionem
928 2548 991 2596 ad
1039 2563 1271 2613 praesens,
1323 2552 1374 2602 in

298 2628 543 2687 poderim
583 2625 953 2677 munumentum.-
987 2627 1069 2675 vel
1120 2627 1374 2678 inanimen-

300 2705 407 2753 ειη
429 2702 755 2766 inposterum,
785 2705 849 2765 ad
877 2718 1086 2767 presens
1120 2705 1375 2759 αἰεὶοιιεηιε

303 2793 412 2843 qno
444 2780 733 2844 posteriore
755 2781 908 2830 modo
947 2782 1188 2833 Muretus
1225 2785 1371 2833 resti·

299 2861 498 2919 tuerat,
534 2863 590 2907 et
626 2858 750 2909 mibi
794 2872 921 2909 sane
963 2857 1167 2909 restitui
1211 2860 1372 2925 magis

297 2935 525 2998 placeat.
591 2936 779 2989 Sensus
814 2951 951 2989 nunc
1006 2935 1371 3000 liquidissimus

293 3020 403 3075 ρει,
436 3011 667 3077 itemque
692 3013 1007 3074 verissimus,
1031 3014 1150 3062 Non
1179 3014 1371 3064 bonore

293 3090 505 3156 Galba,
525 3091 618 3141 sed
647 3091 771 3156 qnia
790 3089 1111 3155 principibus
1132 3105 1239 3139 mos
1271 3098 1374 3155 est,

292 3175 356 3223 nt
392 3170 561 3221 scelus
599 3170 651 3216 in
694 3182 921 3231 praesens
957 3167 1281 3231 ulciscendo,
1317 3169 1370 3221 in

289 3252 567 3310 pomerum
592 3244 660 3295 ab
682 3245 747 3293 iis
768 3259 883 3311 sese
916 3244 1182 3305 muniant;
1218 3252 1273 3293 ut
1292 3244 1368 3294 sic

288 3336 394 3374 nee
414 3323 707 3387 interprete
729 3337 826 3372 nec
859 3329 1116 3372 assertore
1149 3322 1366 3373 ulterius

286 3414 476 3467 egeat:
512 3403 605 3452 sed
629 3402 954 3459 constructio
992 3401 1162 3461 adhuc
1185 3401 1361 3452 dubia.

287 3479 470 3533 Facile
493 3480 769 3531 firmavero
791 3480 959 3530 Taciti
984 3480 1261 3543 exemplis:
1298 3480 1362 3530 In

288 3557 474 3609 Germ.
509 3560 525 3587 ⁸
546 3568 693 3611 suam
715 3558 931 3623 quisque
952 3556 1164 3613 domum
1186 3558 1359 3621 spatio

282 3634 600 3697 circumdat,
620 3637 727 3685 sive
766 3635 1016 3693 adversus
1054 3649 1205 3687 casus
1227 3635 1360 3698 ignis

283 3712 595 3774 remedium,
639 3713 749 3761 sive
781 3711 993 3761 inscitia
1027 3709 1361 3761 aedificandi!

283 3788 626 3855 Ibidemque:
680 3791 883 3847 ‘solent
901 3796 956 3839 et
995 3790 1358 3851 subterraneos

279 3882 476 3931 meus
499 3869 729 3933 aperire,
743 3883 939 3932 eosque
959 3867 1122 3923 nlulto
1144 3867 1357 3931 insuper

281 3944 408 3997 fiio
446 3956 690 4009 onerant,
740 3945 1018 4010 suffugium
1055 3946 1247 4009 byemi,
1299 3950 1356 3995 et

281 4027 678 4088 receptaculum
697 4024 966 4090 frugibus!
1003 4025 1140 4079 first,
1181 4025 1217 4073 1.
1259 4037 1350 4073 111.

277 4099 428 4154 ‘Oui
467 4118 584 4153 suas
627 4112 890 4157 centurias
931 4112 1222 4166 turmasque
1257 4110 1362 4158 tra-,

275 4177 408 4229 dere
441 4180 633 4231 donum
670 4181 872 4238 victori,
893 4190 950 4230 et
986 4180 1083 4231 sibi
1103 4180 1160 4231 in
1183 4187 1355 4244 poste,-

277 4270 395 4307 snm
415 4258 660 4321 gratiam,
697 4256 1003 4309 certabant!
1039 4256 1182 4309 Hist.
1216 4257 1251 4307 1.
1273 4270 1353 4315 ιν,

271 4332 485 4387 §.Sinni
501 4335 732 4387 omnium
765 4334 1021 4399 conjuges
1059 4347 1352 4400 parvosque

911 1775 984 1837 At
1028 1775 1211 1842 inquit,
1262 1776 1390 1825 alias
1428 1826 1432 1831 ,

2370 375 2550 453 41³1

1484 533 1674 585 liberos
1709 537 1994 588 consistere
2012 551 2048 586 a
2076 542 2226 602 tergo
2241 536 2421 602 jubet,
2437 538 2553 593 lior·

1485 621 1718 665 tamenta
1763 615 2013 677 victoriae,
2058 616 2140 665 vel
2179 616 2339 680 pulsis
2387 616 2553 681 pudo-

1483 697 1627 744 rem.'
1706 692 1843 744 Ibid.
1907 694 1922 720 ‘
1948 694 2282 759 Donativum,
2351 693 2549 758 duplex

1481 768 1819 831 stipendium,
1875 770 2054 833 augeri
2105 769 2335 835 equitum
2371 784 2550 822 nume-

1476 859 1610 908 rum,
1653 848 1906 909 promissa
1939 860 2062 898 sane
2105 863 2136 897 a
2173 846 2407 910 Vitellio,
2427 861 2549 910 pos·

1482 923 1736 983 tulabant,
1757 939 1857 974 non
1896 932 1956 975 ut
1993 930 2412 989 assequerentur,
2451 923 2547 975 sed

1479 1014 1690 1050 causam
1713 1001 1995 1052 seditioni!
2058 1002 2113 1051 Si
2135 1002 2234 1050 hoc
2258 1001 2405 1063 nolis,
2427 1015 2546 1066 pos·

1477 1077 1548 1125 sis
1593 1077 1750 1126 etiam
1773 1077 1958 1127 aliter:
1993 1080 2056 1127 ad
2095 1093 2301 1141 proesens
2337 1077 2548 1130 ultioni.-

1478 1168 1627 1218 aeque
1653 1155 1785 1203 bona
1808 1155 1890 1203 vel
1913 1154 2145 1216 meliore,
2171 1155 2359 1204 Tacito
2393 1161 2543 1207 certe

1478 1244 1581 1279 non
1620 1230 1787 1280 minus
1829 1230 2016 1279 usitata
2055 1231 2246 1294 phrasi.
2285 1231 2370 1280 Ita
2406 1231 2541 1283 Anu.

1475 1319 1604 1357 1111.
1641 1308 1724 1373 qui
1752 1308 1895 1357 locus
1928 1306 2064 1369 huic,
2086 1307 2152 1357 de
2199 1323 2300 1373 quo
2323 1309 2539 1373 agimus,

1472 1386 1633 1435 etiam
1656 1386 1916 1435 sententia
1952 1393 2031 1433 est
2068 1385 2338 1434 assimilis:
2373 1388 2388 1413 ⁴
2413 1387 2543 1438 Fac·

1472 1468 1659 1531 tumet
1680 1461 1875 1512 SCtum
1912 1461 2093 1510 ultioni
2118 1460 2276 1525 juxta
2300 1469 2356 1512 et
2391 1477 2540 1514 secu·

1468 1539 1651 1598 ritati.’
1716 1539 1800 1589 Sic
1818 1539 1906 1589 lib.
1930 1552 2024 1589 xv.
2058 1540 2259 1590 ‘Multa
2295 1541 2539 1593 Romanis

1467 1615 1714 1680 secunda,
1753 1615 1989 1682 quaedam
2026 1617 2232 1667 Parthis
2268 1619 2536 1669 evenisse:

1465 1691 1777 1743 documento
1798 1693 2043 1743 adversus
2064 1694 2394 1759 superbiam.’
2462 1696 2538 1748 Et

1463 1770 1578 1820 aliis
1599 1772 1793 1843 passim
1828 1770 2113 1821 innumeris
2147 1772 2292 1822 locis.
2356 1770 2539 1823 Acida-

1461 1848 1570 1900 lius.
1638 1850 1725 1899 De
1748 1849 2049 1899 sinceritate
2066 1849 2220 1914 hujus
2238 1850 2341 1899 loci
2363 1848 2534 1902 adhue

1462 1925 1683 1976 dubito:
1718 1941 1837 1976 nam
1876 1941 2043 1992 neque
2077 1927 2324 1990 priorem,
2361 1941 2532 1993 neque

1459 2010 1779 2068 postremam
1798 2004 1858 2054 Li
1862 2005 1963 2069 psii
1978 2004 2391 2055 emendationem
2406 2006 2535 2056 satis

1458 2080 1820 2145 probaverim:
1880 2081 2171 2145 praesertim
2217 2096 2334 2132 cum
2380 2082 2532 2148 illud,

1455 2159 1635 2208 tradito
1657 2174 1803 2221 more,
1823 2159 1893 2209 sit
1921 2160 2126 2209 auctori
2164 2167 2342 2210 nostro
2382 2159 2530 2211 fami·

1454 2235 1601 2299 liare,
1622 2236 1711 2302 qui
1730 2251 1889 2301 supra
1912 2235 2028 2286 eod.
2053 2234 2145 2285 lib.
2169 2235 2338 2287 dixitz
2376 2237 2393 2265 ‘
2421 2243 2529 2287 tra·

1452 2312 1567 2362 dito
1611 2328 1773 2375 more,
1830 2326 2190 2378 quemcunque
2233 2311 2528 2376 principem

1452 2389 1734 2440 adulandi.’
1797 2390 2017 2440 Tentavi
2059 2390 2137 2440 ita
2184 2397 2522 2443 construeret

1450 2467 1648 2516 tradito
1693 2466 2014 2532 principibus
2054 2479 2218 2531 more,
2255 2466 2322 2516 ad
2358 2467 2524 2518 muni·

1447 2549 1678 2603 mentum
1712 2557 1959 2607 praesens,
1994 2548 2051 2591 et
2088 2541 2153 2590 ad
2181 2542 2431 2592 ultionem
2468 2543 2525 2595 in

1447 2628 1713 2683 posterum
1734 2637 1748 2670 ε
1775 2627 1831 2670 ut
1856 2621 1963 2671 scil.
1989 2636 2109 2684 vox,
2129 2621 2370 2683 ultionem,
2393 2635 2523 2685 pen-

1446 2697 1573 2747 deat
1618 2713 1683 2749 ex
1732 2697 2068 2760 antecedenti
2129 2698 2523 2762 praepositione,

1445 2777 1543 2823 ad.-
1615 2773 1872 2839 quomodo
1935 2775 2087 2838 paulo
2142 2774 2279 2824 infra
2353 2773 2519 2825 dixit:

1444 2853 1460 2879 ‘
1479 2852 1544 2901 ad
1570 2852 1874 2901 seditionem
1894 2859 1950 2900 et
1973 2850 2296 2915 discordias,’
2331 2859 2388 2901 et
2420 2851 2436 2879 ‘
2451 2851 2519 2903 ad

1446 2937 1733 2978 extremum
1756 2929 1892 2978 bella
1914 2930 2085 2979 civilia
2104 2929 2360 2979 ruebant.’
2408 2929 2518 2981 No·

1447 3006 1654 3055 vissime
1680 3020 1803 3055 vero
1835 3006 1937 3055 alia
1961 3006 2084 3056 mihi
2109 3006 2342 3058 defensio
2365 3007 2517 3072 hujus

1444 3084 1548 3135 loci
1583 3085 1874 3134 succurrit:
1910 3084 1953 3133 si
1993 3085 2288 3150 appositive
2331 3090 2516 3150 quarto

1445 3175 1586 3224 casu,
1624 3161 1983 3223 munimentum,
2005 3162 2250 3226 accipias,
2282 3161 2516 3227 pendens

1445 3253 1476 3288 a
1516 3239 1770 3303 superiori
1804 3253 1954 3302 voce,
1985 3254 2174 3289 omnes:
2207 3246 2331 3290 tunc
2374 3238 2511 3289 enim

1441 3322 1586 3366 recte
1608 3316 1708 3367 sibi
1736 3317 1956 3366 invicem
1979 3314 2388 3381 respondebunt,
2410 3333 2513 3368 mu·

1437 3395 1701 3445 nimeatum
1723 3402 1778 3443 et
1798 3394 2040 3443 ultionem.
2108 3393 2354 3443 Pichena.
2385 3394 2420 3445 J
2425 3408 2510 3445 am

1438 3470 1550 3521 dixi
1582 3486 1752 3521 casum
1793 3485 1887 3534 pro
1927 3485 2049 3520 casu
2072 3469 2508 3535 magnificentiam

1437 3548 1633 3611 dicere,
1689 3548 2050 3614 simillimoque
2107 3551 2349 3613 exemplo
2398 3563 2508 3601 rem

1434 3624 1653 3695 firmavi.
1691 3627 1866 3675 Plaut.
1891 3627 2170 3677 Trinumm.
2237 3628 2252 3654 ‘
2278 3627 2331 3675 Is
2351 3626 2507 3677 homo

1433 3712 1718 3754 exornetur
1762 3704 2013 3769 graphice
2070 3705 2122 3754 in
2175 3703 2505 3768 peregrinum

1431 3783 1660 3847 modum,
1682 3782 1872 3848 Ignota
1910 3782 2088 3846 facies,
2122 3798 2237 3848 quae
2263 3797 2364 3832 uon
2403 3781 2505 3831 usi·

1432 3867 1545 3911 tata
1621 3862 1705 3922 sit,
1758 3859 2071 3909 Falsidicum
2145 3857 2503 3921 confidenter?

1431 3938 1770 4002 Quapropter
1824 3936 1909 3985 hic
1968 3936 2360 3987 emendationes
2397 3951 2503 3991 non

1428 4016 1702 4071 inducam:
1741 4030 1854 4080 quae
1881 4014 2017 4062 enim
2056 4014 2245 4062 clarior
2280 4013 2501 4077 gnome?

1429 4095 1499 4144 Et
1534 4094 1642 4143 sine
1672 4093 1882 4141 schema
1923 4091 2071 4149 ultio,
2109 4105 2260 4155 quam
2290 4103 2500 4142 manere

1425 4172 1616 4223 scimus
1645 4186 1792 4222 ausos
1816 4174 2014 4219 eaedem
2040 4170 2313 4235 principis,
2334 4168 2499 4220 muni·

1425 4257 1659 4313 mentum
1701 4254 1782 4297 est
1818 4248 2165 4297 dominantis:
2211 4261 2327 4297 nam
2359 4246 2500 4301 intes

1426 4326 1540 4394 ejus
1566 4325 1874 4393 conjuratos
1906 4326 1952 4377 is
1987 4322 2144 4389 facile
2177 4338 2369 4376 nomen
2391 4337 2499 4375 nou
