3009 4942
823 410 976 460 mn.
1024 411 1108 461 11.
1155 410 1322 463 cnr.
1364 395 1475 463 33.
1520 410 2079 461 msromuum.

342 552 578 611 rhotum
599 553 770 605 ulam!
808 555 1106 608 Rhenum:

405 626 501 682 Sin
525 630 752 694 υἰεέονίιι,
781 632 991 696 micas]
1040 632 1089 682 N
1094 647 1169 696 os,
1195 634 1410 683 victorie

336 711 539 761 unitus.
604 710 741 761 Item
776 710 933 773 infra,
966 714 983 742 ⁴
1008 721 1270 778 postremo
1293 730 1409 781 pre-

339 785 489 839 cibus
513 802 575 837 ac
597 787 914 852 lachrymis!
949 789 1102 840 Idem.

406 865 641 915 CAR-29.
679 865 827 914 Obire
842 866 1057 932 vigilias]
1090 868 1172 917 De
1186 870 1286 929 boc
1301 870 1409 920 ritu

338 952 462 1004 ego,
482 940 537 989 in
562 940 757 991 Militia
778 942 871 992 lib.
895 956 950 992 v.
973 943 1119 993 Dial-
1142 957 1223 994 ιιι.
1272 946 1408 1009 Lips-

400 1015 626 1082 Silentio,
661 1017 924 1082 patientia]
959 1020 1162 1085 Malim,
1202 1022 1409 1087 silentio,

325 1095 629 1156 poenitentia.
661 1096 833 1147 Idem.

403 1170 539 1222 Cu.
583 1175 665 1231 30,
721 1173 911 1236 Rapido
968 1175 1161 1236 agmine
1203 1176 1407 1227 Coeeinae

327 1245 576 1310 fungitur]
607 1247 1235 1314 scripsimus,junguntur.
1270 1253 1406 1303 Rhe-

329 1335 519 1373 nanus.

398 1400 1156 1469 &mulinumexeusationem
1174 1407 1406 1456 dadoen-

327 1478 558 1543 tantium]
605 1479 986 1544 Trajectionem
1030 1481 1115 1532 hic
1160 1495 1402 1545 agnosco.

331 1553 559 1618 Ordino,
577 1555 718 1607 simul
736 1557 791 1607 in
812 1572 852 1607 s.
874 1560 1240 1622 exeusationem,
1266 1575 1326 1610 ne
1347 1564 1404 1609 ut

328 1632 454 1682 vieti
471 1638 520 1683 et
534 1634 704 1696 ignaui
724 1637 1129 1699 despectat-entur,
1165 1640 1214 1685 et
1233 1638 1405 1686 odm-

327 1710 537 1760 tuntium
577 1711 720 1762 robur
756 1727 847 1776 per
895 1713 1217 1762 adulationem
1261 1714 1403 1763 attol-

324 1788 492 1839 lentes.
558 1789 631 1838 Et
646 1776 944 1854 quamquam,
962 1791 1045 1852 4⁶0.
1081 1787 1286 1840 Acidal.

392 1864 518 1913 Plus
534 1865 707 1914 uirium
724 1880 781 1915 uc
790 1879 938 1929 prope
950 1864 1242 1929 duplicatus]
1273 1864 1404 1915 Par·

326 1939 545 1992 ticulum
585 1958 642 1992 ac
681 1943 1002 2005 delevimus3
1035 1956 1157 1992 nam
1198 1956 1401 1998 sensum

325 2017 524 2083 perdit.
561 2019 837 2070 Βήεηακιο.

394 2094 596 2146 Foedum
614 2092 981 2157 amount]
1015 2093 1237 2145 Valetin
1249 2109 1401 2146 omne

326 2171 484 2222 animi
504 2172 687 2222 vitium
709 2179 767 2225 et
800 2171 971 2222 labem
1009 2172 1246 2222 Maculosi
1269 2186 1398 2222 νοις

325 2254 502 2299 tamen
521 2262 708 2299 vereor
731 2255 790 2299 ut
823 2248 909 2298 hic
931 2249 1145 2313 proprie
1178 2249 1233 2298 in
1255 2249 1400 2313 igna-

325 2325 464 2376 viam
486 2341 551 2378 ac
575 2326 828 2376 timorem.
894 2327 978 2376 Ex
1012 2324 1259 2374 antithesi
1281 2340 1398 2391 qnae

326 2406 585 2471 seqnitur,
606 2406 916 2471 suspicerisz
952 2412 1009 2456 et
1029 2405 1191 2468 magis
1213 2418 1284 2477 err
1301 2405 1398 2455 hoc

321 2481 587 2533 Ammiani
608 2484 743 2541 loco,
765 2482 902 2533 libro
915 2495 1052 2535 xxx.
1085 2480 1101 2508 ‘
1124 2479 1398 2545 Arguebat

322 2558 409 2609 hic
454 2559 591 2609 idem
637 2559 897 2624 Princeps
953 2559 1395 2623 [Valentinianus]

324 2633 539 2685 timidos
563 2634 774 2699 saepius,
821 2634 1110 2685 maculosos
1149 2635 1282 2684 tales
1305 2649 1395 2699 ap·

321 2712 529 2778 pellens
550 2718 607 2762 et
627 2711 890 2762 sordidos!
921 2711 1134 2775 Lipsius.

393 2789 592 2839 Foedum
645 2793 693 2838 et
730 2787 1041 2851 maculosum]
1109 2788 1140 2817 ⁸
1177 2788 1393 2841 libidine

323 2863 521 2917 foedum
562 2881 625 2917 ac
663 2862 1020 2917 maculosum?
1088 2865 1292 2929 Cicero,
1328 2864 1395 2916 ad

322 2940 490 2994 Attio.
514 2946 594 2995 16.
629 2940 646 2970 ‘
669 2942 919 2992 maculosi
952 2947 1235 3003 senatores,
1268 2942 1394 2991 nudi

324 3019 566 3085 equites.'
631 3019 835 3070 Plinius
857 3018 948 3068 lib.
973 3031 1062 3069 111.
1095 3033 1181 3082 ep.
1205 3022 1255 3069 9.
1277 3021 1292 3048 ‘
1308 3020 1397 3071 bo-

321 3113 408 3148 mo
440 3097 611 3150 foedus
632 3103 689 3148 et
711 3102 894 3162 aperte
928 3096 1094 3146 malus
1117 3111 1395 3162 proconsu-

322 3179 488 3227 latum
510 3192 615 3227 non
637 3177 806 3227 minus
827 3176 1086 3227 violenter
1106 3191 1260 3243 quam
1286 3192 1394 3228 sor·

323 3253 447 3307 dide
471 3254 738 3319 gesserat!
774 3254 984 3303 Gronov.

388 3332 527 3383 CAP.
550 3336 634 3382 31.
671 3332 800 3382 Gula
819 3330 913 3380 sibi
941 3329 1041 3395 ipsi
1077 3328 1248 3393 hostis]
1298 3331 1395 3382 Co-

322 3408 429 3459 dex
453 3408 697 3468 Matthiae
720 3407 859 3472 regis
875 3406 1037 3458 habet
1050 3405 1208 3456 sibim.
1253 3404 1392 3467 forte

320 3484 623 3550 legendum,
656 3484 845 3537 sibinoet
879 3483 1047 3533 hostis.
1096 3483 1392 3535 Rhenanus.

325 3563 470 3612 Flor.
489 3561 583 3613 sibi
603 3561 819 3612 inhostus
836 3576 853 3610 .·
883 3557 1114 3610 fortasse
1133 3559 1393 3623 interpre-

320 3637 560 3702 tandum,
579 3638 674 3691 sibi
689 3639 993 3689 inhonestus.-
1027 3651 1144 3686 nam
1168 3643 1223 3686 et
1245 3637 1280 3687 l.
1295 3650 1389 3688 xv·

319 3715 336 3742 ‘
363 3714 557 3764 bellum
579 3728 791 3779 anceps,
830 3728 895 3763 an
918 3728 1021 3777 pax
1041 3712 1095 3760 in
1113 3713 1264 3763 hoste
1281 3713 1392 3777 pla·

321 3791 523 3844 ceret:'
570 3792 709 3843 idem
743 3791 924 3854 habet,
960 3791 978 3818 ‘
1012 3792 1114 3854 pai
1153 3789 1393 3855 inhostass

319 3868 459 3936 quod
506 3874 773 3933 praeeunte
818 3866 998 3931 Lipsio
1052 3868 1390 3933 correximus,

312 3945 704 4009 paoeiuhonesta.
771 3945 843 3994 Et
877 3943 953 3994 sic
992 3957 1173 3992 sensus
1212 3950 1387 3994 essetz

317 4022 592 4073 Vitellium
616 4037 709 4071 sua
723 4021 996 4073 inhonesta
1009 4021 1119 4070 vita
1132 4021 1391 4071 neminem

317 4100 536 4162 laesissa,
568 4100 669 4149 nisi
690 4114 744 4149 se
768 4099 953 4163 ipsum.
1020 4099 1126 4148 Sed
1157 4114 1275 4151 cum
1297 4098 1391 4148 du-

315 4177 573 4229 riusculus
594 4174 806 4226 dicendi
826 4175 1010 4226 modus
1027 4174 1290 4240 videatur,
1312 4175 1391 4226 fa-

317 4255 423 4307 cile
470 4269 744 4320 possumus
792 4254 1057 4318 vulgatam
1114 4254 1393 4305 lectionem

315 4331 489 4387 tueri:
546 4329 823 4387 Vitellium
879 4328 1046 4401 (scil.)
1088 4344 1193 4383 uon
1231 4327 1391 4385 fuisse

2368 396 2550 473 „4201

1483 557 1688 608 bostem
1711 557 2036 623 reipublicae,
2067 556 2161 607 sed
2183 557 2281 608 sibi
2317 559 2418 624 ipsi
2438 565 2551 610 tan·

1484 642 1622 684 tum:
1659 635 1921 701 Othonem
1955 641 2158 697 contra,
2183 636 2334 699 Reip.
2365 636 2552 686 exitio·
2640 624 2649 635 ⁸

1480 713 1686 763 siorem.
1725 714 1948 764 Pichena.
2446 768 2451 773 ,
2532 760 2539 765 ,

1550 790 1800 840 Suetonius
1822 789 2093 853 Paullinus]
2127 791 2156 821 '¹
2181 791 2282 841 Sed
2305 798 2362 841 et
2382 792 2437 840 in
2457 790 2550 841 Af-

1481 866 1592 916 rica
1631 867 1822 917 bellum
1864 870 2047 931 gessit,
2092 883 2122 918 e
2159 869 2334 918 Plinio
2373 869 2460 920 lib.
2493 883 2548 920 v.

1479 943 1495 969 ‘
1518 943 1830 1006 Suetonius,'
1847 945 2033 1010 inquit,
2055 947 2070 974 ‘
2086 945 2372 1007 Paullinus‚
2392 960 2549 1010 quem

1480 1023 1744 1072 consulem
1778 1023 2019 1086 vidimus,
2057 1023 2253 1087 primus
2289 1022 2550 1073 Romano-

1481 1113 1596 1149 rum
1638 1100 1828 1149 ducum
1866 1107 2218 1165 transgressus
2248 1099 2550 1166 Atlantem,’

1479 1179 1582 1227 διο.
1648 1177 1755 1228 Ubi
1775 1185 1948 1227 autem
1973 1191 2118 1229 mens
2156 1178 2267 1227 sive
2295 1177 2549 1242 judicium

1479 1251 1584 1302 fuit
1600 1253 1714 1304 viro
1737 1268 1923 1318 magno
1945 1261 2002 1304 et
2025 1254 2241 1317 celebri,
2262 1255 2352 1320 qui
2375 1255 2428 1317 in
2449 1256 2550 1306 Va·

1480 1328 1571 1377 riis
1614 1329 1720 1379 suis
1755 1343 1920 1393 nuper
1954 1331 2090 1380 hunc
2122 1330 2423 1380 Suetonium
2456 1345 2547 1395 pa-

1477 1410 1613 1455 trem
1633 1403 1763 1456 fecit
1783 1405 2020 1457 Suetonii
2043 1407 2211 1456 nostri
2232 1407 2547 1471 Tranquilli?

1475 1481 1566 1533 Ita
1587 1483 1726 1532 enim
1754 1483 1924 1533 locum
1948 1497 2067 1532 eum
2087 1483 2325 1547 corrigit,
2363 1483 2544 1534 Sueto·

1477 1558 1551 1608 nii
1587 1558 1832 1609 Othone:
1889 1560 1905 1588 ‘
1945 1558 2197 1610 Interfuit
2242 1560 2360 1611 huic
2407 1561 2544 1612 bello

1475 1642 1630 1699 pater
1665 1650 1810 1686 meus
1843 1636 2122 1699 Suetonius
2145 1637 2319 1699 Lenis,
2350 1638 2545 1687 tertiae·

1476 1712 1694 1763 decimae
1730 1713 1949 1777 legionis
1975 1712 2210 1763 tribunus
2231 1714 2544 1777 angusticla·

1474 1789 1622 1839 vius.'
1686 1791 1756 1840 Et
1775 1790 1927 1853 liber,
1965 1791 2150 1855 inquit,
2187 1791 2277 1856 qui
2300 1791 2467 1845 tineas
2489 1796 2546 1841 et

1474 1865 1669 1917 cariem
1687 1873 1940 1929 senserat,
1971 1869 2153 1929 habet,
2186 1869 2356 1919 Izinus.
2421 1868 2546 1919 Om-

1473 1942 1598 1992 nino
1622 1949 1796 1999 autem
1819 1944 2098 2007 legendum
2120 1945 2370 1994 Paulinus.
2415 1946 2544 1995 Tes-

1474 2023 1580 2066 tem
1597 2019 1650 2067 in
1673 2032 1789 2068 eam
1806 2033 1915 2068 rem
1932 2019 2158 2069 laudabo
2177 2021 2434 2083 Tacitum,
2457 2020 2545 2085 qui

1472 2092 1624 2145 fortis
1649 2096 1745 2144 viri
1769 2109 1941 2159 neque
1975 2110 2163 2145 nomen
2187 2112 2359 2162 neque
2385 2099 2547 2149 virtu·

1474 2175 1582 2223 tem
1628 2171 1840 2221 tacitam
1882 2186 1994 2221 esse
2037 2172 2190 2223 sivit:
2248 2174 2362 2237 ejus
2404 2175 2543 2227 euim

1473 2261 1615 2312 saepe
1637 2253 1694 2301 et
1715 2247 1768 2296 in
1791 2246 2082 2298 Annalibus
2113 2257 2170 2299 et
2202 2249 2255 2298 in
2279 2247 2541 2314 Agricoiae

1472 2324 1585 2374 vita
1635 2323 1971 2375 honorificam
2014 2326 2332 2376 mentionem
2385 2325 2538 2379 facit.

1473 2400 1730 2452 Haecille.
1781 2402 1920 2452 Quid
1940 2402 2141 2452 dicam?
2175 2404 2295 2454 Non
2308 2404 2542 2457 insector

1473 2485 1547 2539 te,
1578 2478 1659 2527 vir
1691 2480 2107 2544 elegantissime:
2144 2480 2236 2530 sed
2271 2480 2406 2531 bona
2435 2480 2540 2537 fide

1470 2556 1585 2605 haec
1604 2555 1820 2606 scribis?
1854 2557 2014 2605 Erras
2031 2557 2203 2606 nimis.
2260 2558 2540 2609 Suetonius

1468 2631 1560 2680 ille
1583 2632 1757 2692 Lenis,
1777 2631 2031 2681 Tribunus
2053 2630 2181 2682 fuit:
2217 2639 2397 2682 noster
2416 2633 2540 2687 belli

1472 2708 1597 2759 dux.
1653 2709 1754 2759 Ille
1775 2710 2199 2774 angusticlavius,
2220 2709 2276 2760 id
2296 2716 2395 2772 est,
2417 2726 2541 2761 non-

1472 2784 1593 2833 dum
1614 2785 1847 2849 Senator,
1879 2785 1971 2836 sed
1990 2787 2129 2837 inter
2147 2787 2383 2852 equites:
2419 2790 2540 2853 iste,

1472 2862 1776 2912 Consularis
1792 2877 1809 2911 ε
1842 2876 1944 2913 nec
1968 2869 2125 2915 tenue
2149 2878 2365 2929 nsquam
2387 2865 2541 2922 vesti-,-

1471 2937 1614 3000 gium
1653 2936 1971 2988 confusionis
2010 2937 2146 3002 ejus,
2199 2953 2355 3004 quam
2393 2937 2539 2990 facis.

1471 3014 1592 3064 Hoc
1615 3014 1738 3064 mihi
1760 3015 1814 3064 in
1837 3020 2131 3066 transcursu
2146 3016 2419 3079 monitum,
2435 3031 2539 3071 non

1470 3098 1532 3140 ut
1574 3106 1786 3157 carpum
1824 3092 2034 3157 (Fidem
2075 3090 2301 3157 testor);
2348 3093 2442 3143 sed
2480 3100 2540 3147 ut

1469 3169 1613 3219 claro
1636 3168 1730 3218 sub
1753 3168 1991 3233 exemplo
2015 3168 2230 3219 doceam
2266 3183 2422 3234 quam
2444 3168 2538 3220 fal·

1470 3244 1559 3295 lax
1602 3245 1716 3295 haec
1767 3244 1987 3308 Critica,
2046 3251 2102 3293 et
2164 3245 2540 3308 ignoscendum

1471 3321 1629 3370 etiarn
1652 3319 1798 3370 nobis
1821 3311 1951 3383 esse,
1971 3320 2013 3366 si
2034 3319 2258 3385 labimur
2277 3318 2539 3379 interdum

1470 3395 1525 3446 in
1547 3396 1768 3461 proclivi
1788 3395 1889 3445 ista
1910 3395 2011 3445 via.
2045 3395 2262 3459 Lipsius.
2476 3449 2479 3455 ,

1538 3473 1673 3524 Cn.
1694 3476 1777 3525 32.
1813 3472 2050 3530 Quoniam
2090 3472 2269 3522 Gallie
2304 3472 2542 3539 tumeant]

1468 3551 1535 3601 In
1552 3551 1731 3603 codice
1741 3550 1987 3602 Matthiae
2006 3550 2146 3614 regis
2163 3550 2374 3615 legitur,
2382 3565 2539 3615 quum.

1467 3630 1629 3695 Lego,
1643 3644 1938 3693 quamquam.
1972 3629 2261 3678 Rhenanus.
2294 3629 2538 3681 Fortasse

1466 3707 1764 3772 legendum,
1777 3708 1994 3756 timeant.
2025 3704 2131 3755 Sed
2148 3704 2408 3769 Danesius
2425 3719 2540 3769 pro,

1466 3784 1704 3848 quonum,
1724 3782 1955 3847 legebat,
1975 3795 2250 3846 quanquam.
2299 3780 2539 3830 Ursinus.

1535 3863 1713 3913 Paucis
1726 3861 1889 3911 diebus
1903 3858 2370 3924 quartamdecimam]
2400 3857 2536 3908 Haec

1466 3938 1693 4000 restitui,
1725 3939 1779 3986 in
1798 3936 2020 4000 vulgatis
2045 3948 2147 4000 qua
2178 3950 2210 3984 a
2232 3933 2408 3985 verbis
2432 3947 2537 3999 qua

1466 4020 1532 4071 ab
1556 4015 1907 4081 interpunctis
1928 4012 2193 4063 mendosa.
2235 4012 2372 4075 Lips.

1533 4097 1669 4146 CAP.
1697 4097 1782 4142 ³3.
1814 4090 2085 4141 Brixellum
2122 4087 2415 4152 concederet]
2448 4087 2540 4141 Ita

1466 4171 1689 4233 factum,
1707 4169 1887 4233 ibique
1908 4181 1965 4216 se
1986 4165 2195 4216 occidit.
2239 4166 2371 4216 Elue
2392 4179 2536 4231 men-5

1466 4249 1590 4299 dam
1625 4247 1786 4311 igitur
1822 4260 1951 4312 quae,
1979 4243 2031 4294 in
2063 4243 2327 4309 Egesippo
2348 4242 2536 4310 (scrip,

1467 4332 1586 4379 tore
1623 4323 1748 4376 mibi
1784 4321 1997 4391 quidem
2032 4316 2171 4373 baud
2213 4318 2535 4388 spernendo)
