3009 4942
586 428 762 534 4084
1278 448 1496 500 norm
1543 446 1954 500 namnum
2001 449 2085 499 nr

585 587 831 639 obtendere
850 594 933 640 est
954 587 1098 641 falsis
1114 590 1405 642 nominibus
1421 589 1497 639 uti
1525 588 1650 640 Cor-

579 665 785 717 bulonis
801 666 941 731 saevi,
959 667 1100 717 Paeti
1123 668 1282 717 mitis.
1321 656 1528 731 'quue
1553 680 1649 715 nec

582 743 850 793 ulciscitur
868 743 950 793 bic
991 743 1216 793 Corbulo
1253 743 1527 808 quicquam
1550 742 1651 805 pri-

584 821 690 870 vati
734 821 945 883 doloris,
979 836 1148 886 neque
1194 835 1367 870 amara
1407 819 1650 869 irrisione

580 896 743 948 ludit:
792 897 885 948 sed
923 913 1052 948 voce
1093 900 1244 961 plena
1284 897 1560 963 gravitatis
1592 904 1650 948 et

578 975 867 1041 disciplinae
896 974 1151 1045 profugos
1193 975 1364 1026 redire
1400 974 1465 1024 ad
1504 975 1647 1039 signa

580 1058 638 1103 ct
660 1052 797 1112 duci,
817 1053 900 1102 cui
918 1068 948 1101 a
968 1052 1174 1101 Caesare
1194 1050 1436 1101 attributi
1455 1058 1649 1113 essent,

582 1143 787 1179 causam
807 1129 1025 1192 probare
1037 1128 1212 1192 jubet,
1231 1127 1272 1175 si
1290 1125 1425 1176 forte
1443 1127 1647 1176 veniam

579 1205 675 1254 det
696 1205 813 1264 ille;
869 1221 923 1254 se
961 1205 1155 1253 nullam
1187 1202 1321 1268 fugae
1352 1205 1647 1255 excusatio·

579 1296 698 1332 nem
743 1283 997 1345 accipere,
1042 1296 1137 1331 nec
1176 1282 1533 1331 desertoribus
1570 1283 1645 1347 ig·

580 1373 816 1411 noscere,
855 1359 1138 1409 Gronovius.

640 1436 699 1488 Si
710 1440 915 1500 singulis
926 1437 1317 1503 manipularibus]
1339 1437 1426 1487 Ita
1440 1437 1645 1488 Plinius

575 1512 667 1563 lib.
693 1527 836 1565 xxn.
861 1530 906 1565 c.
926 1520 979 1564 4.
1036 1519 1051 1543 ‘
1076 1516 1127 1565 Si
1152 1516 1328 1565 civicae
1355 1516 1518 1564 honor
1541 1530 1644 1564 uno

576 1589 748 1655 aliquo
773 1606 834 1640 ac
865 1592 949 1640 vel
987 1592 1267 1641 humillimo
1297 1592 1411 1640 cive
1436 1597 1644 1640 servato

575 1668 857 1729 praeclarus
878 1683 1129 1733 sacerque
1161 1670 1399 1730 habetur,
1422 1669 1509 1733 qui
1532 1673 1643 1716 tan-

574 1741 695 1792 dem
742 1747 1186 1796 aestimari³debet
1243 1747 1389 1797 unius
1447 1747 1643 1796 virtute

575 1827 811 1886 servatus
837 1823 1102 1873 universus
1144 1822 1456 1874 exercitus?
1486 1812 1642 1874 :Aure-

574 1896 685 1945 nus.
1289 1892 1308 1906 ”

638 1973 880 2024 Numerus
900 1977 1263 2041 adipisceretur]
1305 1977 1468 2040 Malo,
1489 1975 1643 2041 adspi-

571 2055 782 2100 ceretur:
816 2053 914 2101 etsi
931 2068 1030 2102 non
1054 2054 1282 2117 ignorem
1302 2054 1564 2114 Plautum,
1586 2058 1643 2102 et

569 2128 812 2179 Tacitum
837 2129 1004 2192 ipsum
1025 2131 1167 2192 alibi,
1190 2130 1511 2194 adipiscendi
1530 2145 1642 2179 ver·

571 2203 694 2254 bum
716 2209 981 2263 παθητικῶς
1002 2221 1117 2255 esse
1143 2222 1288 2255 usoS..
1313 2206 1526 2270 Lipsius.

635 2281 736 2343 ,Ubi
752 2297 845 2346 par
882 2298 1040 2332 eorum
1070 2298 1294 2332 numerus
1326 2283 1637 2347 aspiceretur]

561 2357 655 2426 ‘Ita
673 2358 968 2408 emendavit
1006 2359 1244 2422 Lipsius:
1295 2360 1429 2408 male
1466 2359 1641 2421 vulgo,

566 2434 905 2498 adipisceretur
920 2453 937 2485 .·
968 2435 1135 2486 facilis
1158 2432 1293 2485 enim
1317 2434 1422 2484 fuit
1443 2436 1637 2498 lapsus,

567 2514 860 2575 praesertim
884 2528 1002 2563 cum
1037 2513 1089 2561 in
1129 2512 1393 2562 veteribus
1417 2511 1640 2575 legatur,

564 2590 866 2652 apisceretur.
916 2591 1168 2640 Pichena.
1195 2590 1491 2639 Etiamnum
1515 2603 1635 2652 pro-

568 2663 637 2723 ba
678 2666 804 2714 mihi
849 2667 1016 2731 Lipsii
1064 2666 1343 2728 correctio,
1386 2680 1542 2730 quam
1581 2669 1639 2715 et

564 2738 797 2791 Picbena
836 2744 1105 2805 amplexus
1144 2747 1247 2804 est,
1293 2742 1636 2805 adspiceretur.

565 2815 964 2869 Freinshemius.

632 2892 767 2941 CAP.
805 2897 887 2942 13.
923 2894 1070 2943 Modo
1091 2895 1349 2957 castellum,
1370 2910 1457 2957 quo
1475 2893 1637 2944 imbel-

564 2966 626 3015 lis
659 2972 778 3016 oetas
815 2968 1169 3030 defendebatur,
1198 2968 1496 3034 adpugnare]
1538 2970 1637 3019 Re-

565 3043 714 3093 stitui
735 3058 801 3092 ex
824 3045 964 3094 Flor.
986 3046 1275 3108 adpugnare.
1307 3044 1375 3095 In
1397 3046 1639 3110 vulgatis,

563 3122 853 3181 oppugnare.
889 3120 1137 3169 Picheua.

630 3194 707 3243 Ne
729 3195 860 3245 aliud
883 3212 1023 3259 quam
1061 3197 1352 3248 munimenta
1370 3213 1639 3262 propugna-

563 3268 701 3338 bant]
755 3274 1173 3339 Emendavimns,
1207 3292 1292 3331 nec
1330 3276 1459 3326 aliud
1491 3294 1537 3340 q.
1568 3293 1635 3328 m.

555 3361 635 3410 pr.
683 3347 981 3399 Rhenanus.

624 3421 728 3473 Aac
749 3425 898 3488 metu]
951 3425 1271 3491 Ablativum,
1309 3433 1455 3489 metu,
1492 3427 1635 3479 dele-

557 3496 745 3559 vimus,
786 3507 842 3549 et
880 3515 975 3564 pro
1034 3507 1118 3550 aut
1179 3503 1498 3567 scripsimuS,
1559 3510 1634 3567 ut,

558 3572 657 3622 hoc
693 3575 865 3635 modo,
889 3568 938 3624 et
977 3576 1065 3625 'alii
1096 3578 1292 3640 propria
1329 3579 1542 3641 ἰςπαυία,
1579 3585 1634 3629 ut

563 3651 870 3701 Corbulonem
910 3655 1221 3716 opperientes.
1285 3654 1552 3720 Siquidem
1578 3657 1633 3706 in

557 3725 918 3791 Manuscripto
943 3728 1078 3777 libro
1115 3736 1315 3778 tantum
1341 3737 1423 3781 est
1452 3732 1520 3781 Ut
1538 3747 1633 3797 pro

558 3800 679 3864 Aut,
728 3803 971 3853 librarius
1012 3805 1246 3855 nltimam
1286 3808 1633 3871 praecedentis

554 3879 796 3929 vocabuli
842 3880 983 3945 quod
1030 3887 1113 3931 est
1167 3883 1363 3945 ignavia
1407 3885 1631 3948 literam,

556 3964 675 4003 cnm
696 3961 751 4004 ut
768 3955 1063 4019 conjunxit,
1081 3964 1140 4006 ut
1162 3957 1314 4008 fieret
1338 3965 1453 4008 aut:
1488 3961 1631 4010 dein·

556 4030 625 4080 de
650 4033 907 4096 quispiam
932 4034 1216 4101 ablativum
1255 4037 1451 4101 adjecit
1481 4045 1629 4088 metu.

557 4106 858 4157 Rhenanus.
923 4109 990 4159 In
1015 4124 1061 4161 v.
1086 4127 1136 4161 c.
1162 4121 1241 4161 est
1271 4130 1285 4162 ε
1322 4115 1393 4163 Et
1409 4112 1503 4164 'alii
1519 4131 1631 4178 pro-

546 4183 893 4245 priaignavia,
936 4193 1020 4236 aut
1054 4195 1183 4237 metu
1223 4190 1530 4240 Corbulonem
1549 4207 1631 4259 op-

552 4260 819 4322 perientes.-
851 4276 968 4313 nam
994 4265 1044 4312 in
1073 4265 1293 4328 vulgatis
1314 4267 1499 4317 desunt
1523 4269 1630 4329 illa,

557 4340 643 4384 aut
666 4341 807 4386 metu.
846 4339 1081 4391 Ursinus.
1145 4342 1286 4393 Flor.
1308 4356 1368 4393 ac
1392 4342 1630 4410 plerique

1723 595 1932 639 veteres
1970 588 2184 650 habent,
2222 594 2309 641 aiat
2350 589 2668 643 Corbulonem:
2707 593 2761 645 ut

1725 666 1794 715 sit
1814 668 1991 716 sensns
2013 683 2026 715 z
2071 666 2415 718 Corbulonem
2439 667 2754 731 opperientes,

1724 757 1825 792 nou
1848 743 2053 807 ignavia
2077 759 2132 793 se
2167 744 2305 794 intra
2334 744 2639 794 munimenta
2659 757 2756 793 cou-

1726 820 1978 869 tinuisse:
2030 820 2120 870 sed
2157 819 2380 871 fortasse
2404 822 2636 886 prudenti
2657 835 2754 883 cou-

1723 895 1857 960 silio,
1880 911 1998 946 cum
2035 913 2092 946 se
2129 898 2360 948 hostibus
2390 899 2609 963 impares
2643 898 2757 947 vide·

1721 979 1857 1021 rent.
1938 975 2132 1023 Tamen
2187 974 2450 1039 vulgatam
2510 975 2758 1037 lectionem

1722 1047 1963 1111 praefero.
2030 1050 2282 1115 Venetus,
2325 1060 2379 1102 et
2425 1050 2648 1101 nonnulli
2686 1050 2757 1100 alii

1722 1124 1939 1186 addunt,
1974 1132 2058 1176 aut
2095 1134 2222 1177 metu
2266 1129 2571 1180 Corbulonem
2604 1129 2759 1193 opperi-

1720 1207 1865 1252 entes.
1899 1204 2147 1254 Pich‘ena.
2212 1204 2389 1256 Editio
2416 1198 2645 1268 Veneta,
2661 1222 2754 1270 pro-

1713 1280 1826 1343 pria
1847 1280 2056 1342 ignavia,
2074 1287 2158 1331 aut
2173 1283 2556 1348 metu,-aliaeque
2580 1290 2753 1333 veteres

1719 1357 1885 1419 probo
1928 1372 2099 1418 sensu,
2124 1373 2277 1422 quem
2312 1358 2425 1408 aliae
2460 1364 2754 1423 pervertunt,

1713 1433 1911 1496 propria
1933 1430 2144 1496 ignavia,
2166 1440 2220 1482 ut
2243 1435 2566 1496 Corbulonem,
2581 1438 2656 1499 ξε.
2676 1447 2756 1482 uec

1718 1509 1886 1558 minus
1911 1510 2006 1571 illi,
2028 1511 2167 1559 inter
2182 1526 2309 1575 quos
2327 1516 2381 1559 ct
2400 1512 2500 1562 Ms.
2524 1511 2759 1577 Picheuag,

1720 1586 1807 1649 qui
1830 1585 2028 1650 legunt,
2062 1588 2260 1650 propria
2294 1587 2506 1650 ignavia,
2545 1592 2625 1636 aut
2662 1587 2758 1633 Cor·

1719 1662 2049 1726 bulonem,&c.
2097 1666 2500 1716 Freinshemius.
2568 1669 2645 1721 De
2672 1666 2756 1715 lec-

1718 1740 1869 1790 tione'
1914 1742 2066 1804 hujus
2109 1742 2214 1792 loci
2255 1743 2450 1806 optime
2496 1746 2756 1794 Rhenanus.

1718 1822 1797 1870 Ex
1834 1821 2028 1884 ignavia
2064 1823 2331 1885 ut,‚litera
2375 1824 2508 1873 male
2543 1821 2758 1887 repetita,

1715 1895 1910 1958 ignaria
1949 1904 2050 1962 aut,
2102 1898 2318 1949 factum.
2404 1900 2758 1964 suppleverunt

1716 1979 1865 2036 metu,
1886 1975 1977 2039 qui
1998 1976 2307 2027 nesciebant
2338 1976 2579 2038 ignaviam
2598 1976 2676 2024 hic
2695 1970 2759 2022 ui·

1714 2049 1785 2098 hil
1829 2051 1968 2101 aliud
2011 2067 2124 2102 esse
2167 2067 2318 2119 quam
2356 2061 2565 2103 metum.
2626 2053 2754 2114 Saepe

1714 2133 1920 2176 veteres
1939 2129 2028 2178 has
2054 2144 2227 2191 voceS,
2257 2131 2475 2192 manus,
2504 2128 2756 2192 segnis,t‘g-

1712 2203 1871 2266 navia,
1889 2205 2134 2268 segnities,
2159 2212 2414 2270 usurpant
2456 2207 2506 2254 iu
2531 2207 2645 2266 illis,
2667 2203 2760 2268 qui·

1711 2279 1808 2329 bus
1831 2281 1979 2331 abest
2000 2281 2166 2331 virtus
2190 2289 2281 2332 aut
2307 2282 2421 2332 viro
2445 2282 2598 2345 digna
2623 2278 2757 2330 auda·

1714 2356 1808 2417 cia,
1830 2371 1956 2421 quos
1986 2359 2199 2420 poltrons
2232 2357 2469 2408 dicimus.
2535 2360 2660 2419 Illis,
2693 2356 2758 2419 in·

1713 2435 1846 2497 quit,
1860 2434 2066 2483 abunde
2088 2450 2329 2499 magnum
2352 2443 2481 2500 erat,
2493 2433 2622 2485 δια*
2644 2432 2755 2482 Gro-

1711 2511 1892 2560 novius.
2054 2560 2061 2563 ,
2484 2526 2499 2541 ·
2524 2513 2548 2536 ”

1774 2586 1879 2636 Aut
1925 2588 2087 2637 Poenis
2140 2588 2284 2637 Rom.
2338 2585 2526 2652 imperii
2572 2581 2756 2646 emulis]

1711 2662 1906 2713 Mirum
1925 2680 2101 2715 omnes
2119 2663 2371 2714 editiones
2393 2663 2466 2712 ita
2482 2662 2756 2726 conspirare

1712 2739 1766 2789 in
1787 2741 1921 2791 hanc
1946 2740 2244 2803 lectionem,
2267 2755 2382 2790 cum
2403 2740 2570 2803 palam
2594 2737 2758 2787 vitiosa

1713 2817 1803 2866 sit.
1868 2817 2041 2867 Nullae
2075 2818 2210 2866 enim
2238 2818 2323 2868 hic
2364 2818 2632 2867 Poenorum
2656 2826 2756 2878 par·

1713 2899 1814 2955 tes,
1845 2892 1976 2944 δια*
2022 2894 2392 2944 Freinshemius.

1723 2972 1729 2977 '
1781 2970 1961 3019 Contra
1977 2970 2136 3033 daret]
2192 2970 2311 3019 Hoc
2335 2968 2458 3019 mihi
2477 2966 2635 3031 magis
2655 2978 2759 3029 pro·

1711 3045 1870 3096 batur
1912 3061 2064 3111 quam
2100 3045 2240 3110 quod
2285 3045 2498 3094 verbnm
2531 3044 2584 3092 in
2626 3038 2756 3104 regio

1710 3124 1971 3173 volumine
1995 3129 2077 3172 est
2098 3124 2371 3186 scriptum,
2392 3134 2573 3185 nempe
2591 3124 2776 3191 contras

1708 3202 1903 3261 diceret.
1957 3201 2044 3251 Sic
2069 3200 2211 3251 Hist.
2236 3201 2329 3249 lib.
2349 3213 2389 3249 1.
2445 3201 2462 3227 ‘
2486 3198 2542 3248 Si
2564 3196 2757 3247 fortuna

1710 3292 1807 3328 con
1814 3285 1892 3327 tra
1907 3278 2075 3341 daret,
2091 3276 2236 3327 iratis
2250 3292 2316 3327 ne
2328 3269 2755 3340 relinquerentur!

1710 3355 1999 3407 Rhenanus..

1778 3431 1918 3487 Quod
1933 3446 2023 3495 pro
2061 3429 2306 3480 Armeniis
2340 3443 2520 3494 semper
2549 3428 2755 3478 Romana

1707 3508 1928 3571 ditionis]
1992 3507 2220 3557 Videtur
2261 3507 2538 3571 legendum
2570 3503 2755 3561 omissa,

1705 3598 1811 3644 pro,
1833 3583 2094 3632 dictione:
2150 3583 2291 3639 Quod
2329 3582 2567 3633 Armeniis
2593 3591 2754 3643 seraper

1708 3657 1934 3706 Romanae
1955 3658 2168 3707 ditionis.
2237 3654 2503 3707 Ursinus(
2636 3706 2655 3729 ‚-

1772 3733 1948 3782 Pacem
1969 3746 2033 3781 ex
2059 3749 2192 3796 oequo
2211 3733 2396 3797 utilem,
2422 3749 2505 3784 nec
2519 3727 2754 3798 proesentia

1704 3808 1961 3872 spectaret]
2019 3810 2139 3858 Non
2179 3816 2262 3860 est
2299 3809 2478 3874 inepta
2517 3805 2752 3859 Budensis

1707 3885 2019 3948 exemplaris
2055 3885 2233 3947 lectio,
2254 3886 2383 3936 Pace
2412 3902 2472 3935 ex
2492 3899 2617 3949 aequo
2636 3879 2753 3941 utili,

1705 3974 1763 4009 ne
1780 3977 1921 4024 proes.
1944 3968 1984 4012 t.
2002 3977 2078 4025 sp.
2113 3961 2409 4012 Rhenanus.

1773 4039 1908 4088 Cat».
1948 4040 2023 4087 14.
2076 4038 2225 4088 Illum
2288 4039 2477 4102 locum,'
2509 4041 2752 4099 tempusque

1706 4115 1900 4164 consilio
1941 4115 2249 4179 destinatum]
2302 4115 2523 4177 Deinde,
2558 4113 2668 4175 quid
2699 4110 2751 4158 de

1706 4192 1938 4241 Armenia
1959 4197 2200 4241 cernerent
2232 4191 2457 4251 adiecisse
2492 4192 2643 4240 Deos:
2671 4182 2751 4235 ubi

1706 4267 1865 4316 etiam
1890 4267 2170 4329 clauditur,
2195 4268 2284 4332 qui
2302 4268 2550 4332 sequitur,
2570 4274 2751 4312 sensus.

1706 4344 2002 4409 Postremo,
2034 4346 2240 4411 quando
2273 4358 2307 4396 a
2342 4344 2460 4397 Diis
2500 4341 2748 4392 decretum
