3009 4942
798 419 948 469 mn.
995 421 1101 471 vi.
1147 419 1314 470 can.
1356 402 1425 470 6.
1470 418 1913 470 Anxanum,

280 564 412 621 apta
428 557 593 611 bustis
611 559 825 611 dilutior
845 560 1024 611 redis?
1089 558 1237 610 Idem
1255 561 1322 610 de

277 634 656 687 Resurrectione
672 639 841 687 carnis
861 656 875 688 z
898 641 914 667 ‘
940 636 1014 687 At
1037 652 1134 701 ego
1156 637 1320 701 magis

273 712 439 779 ridebo
460 715 642 780 vulgus
662 723 784 766 tunc
806 731 1010 781 quoque
1040 731 1157 766 cum
1179 716 1328 780 ipsos.

274 787 533 841 defunctos
584 792 922 853 atrocissime·
955 792 1148 854 exurit,
1191 806 1319 857 quos

271 868 585 930 postmodum
621 869 943 933 gulosissime
986 870 1180 919 nutrit:
1205 906 1210 913 .
1233 869 1321 918 iis-

273 943 379 994 dem
400 945 603 1009 ignibus
638 955 695 997 et
727 962 1027 1011 promerens
1063 954 1121 998 et
1158 944 1320 997 offen-

271 1020 422 1072 dens?
486 1025 619 1074 Eam
644 1032 797 1077 vocat
834 1025 1146 1090 Appuleius,
1169 1028 1266 1076 διο.
1289 1022 1321 1052 ‘¹⁵

271 1100 448 1150 lentem
466 1109 521 1151 et
541 1100 724 1153 libum.
789 1103 928 1152 Sane
962 1110 1133 1152 certos
1170 1117 1321 1167 quos-

270 1176 380 1232 dam
413 1177 554 1229 cibos
580 1180 820 1243 proprios
841 1179 997 1229 fuisse
1036 1179 1157 1228 huic
1188 1193 1320 1227 mor-

270 1254 386 1313 tuali
405 1269 580 1321 caenae,
596 1256 754 1306 docet
771 1256 930 1307 etiam
946 1256 1242 1320 xiphilinus
1264 1256 1318 1304 in

269 1331 587 1397 Domitiano,=
614 1333 704 1383 ubi
727 1334 795 1384 de
832 1334 1071 1384 simulato
1105 1332 1197 1383 illo
1241 1347 1319 1381 se-

269 1409 472 1470 pulcrali
494 1411 685 1474 epulo:
722 1409 813 1459 Καὶ
853 1410 977 1471 μετὰ
1003 1410 1147 1459 τοῦτο
1182 1406 1316 1458 πάνθ’

267 1482 350 1534 ὅσα
371 1504 457 1550 περ
477 1487 529 1535 ἐν
555 1489 658 1536 τοῖς
680 1486 961 1550 ἑναγίσμασι
992 1485 1321 1551 necomitam,

268 1561 356 1611 καὶ
379 1563 565 1614 ἐκείνοις
603 1563 789 1626 μέλανα
824 1567 877 1615 ἐν
916 1564 1133 1615 exducem
1152 1563 1319 1627 ὁμοίως

266 1639 566 1704 προηνέχθη.
600 1644 755 1695 Hanc
777 1657 975 1693 caenam
990 1642 1319 1693 Silicernium

267 1724 506 1782 vocatam,
527 1719 725 1769 docent
762 1720 983 1782 Nonius,
1019 1719 1224 1777 Festus,
1263 1723 1324 1767 et

266 1791 628 1844 Tertullianus:
662 1796 678 1824 ‘
704 1796 822 1848 Quo
843 1795 1019 1846 differ-t
1055 1795 1122 1846 ab
1163 1797 1320 1861 epulo

266 1867 397 1923 Jovis
419 1870 769 1922 silicernium?
802 1889 835 1923 a
856 1872 1112 1938 simpuvio
1152 1875 1320 1925 obba?

268 1944 327 1994 ab
354 1947 588 2011 aruspice
623 1948 954 2013 pollinctor?
1024 1949 1181 2000 Hunc
1212 1967 1319 2002 mo·

266 2034 366 2071 rom
406 2025 670 2077 transisse.
696 2024 762 2077 ad
796 2025 1119 2079 Christianos
1160 2027 1318 2077 etiam

266 2098 572 2165 Augustinus
595 2109 775 2153 narrat
792 2110 848 2153 et
876 2104 1064 2153 leviter
1086 2112 1322 2169 excusat,

267 2175 346 2227 De
366 2178 506 2229 civit.
521 2179 641 2233 ,Dei
662 2180 699 2228 1.
723 2193 802 2229 tx.
835 2194 881 2229 c.
907 2180 1003 2231 ult.
1027 2182 1043 2208 ‘
1073 2180 1320 2233 Quicum-

266 2255 389 2319 que,'
402 2257 615 2322 ἰιιιιιιίῖιι
631 2259 812 2323 epulas
830 2274 949 2309 suas
964 2274 1026 2309 eo
1041 2259 1132 2324 [ad
1150 2260 1320 2323 sepul-

266 2331 379 2387 clara
397 2333 710 2399 martyrum]
734 2334 1008 2387 deferunt:
1044 2336 1182 2402 qnod
1207 2337 1320 2402 qui·

266 2410 373 2463 dem
410 2429 441 2463 a
463 2413 772 2465 Christianis
794 2415 1094 2465 melioribus
1116 2430 1217 2465 non
1239 2415 1319 2480 fit,

268 2496 320 2539 et
350 2491 399 2539 in
436 2492 703 2556 plerisque
726 2493 878 2541 terris
915 2492 1057 2542 nulla
1078 2499 1161 2543 est
1200 2493 1318 2544 talis

267 2569 569 2619 cousuetudo
592 2586 609 2619 z
632 2574 805 2618 tamen
828 2568 1141 2635 quicumque
1166 2570 1219 2619 id
1242 2569 1318 2620 fa-

266 2641 413 2703 ciunt,
434 2660 522 2697 eas
545 2660 665 2696 cum
689 2645 1047 2709 apposuerint,
1070 2653 1241 2709 orant,
1261 2652 1320 2697 et

266 2717 493 2771 auferunt
531 2727 597 2771 ut
640 2721 955 2772 vescantur!
1040 2724 1112 2772 Et
1159 2722 1195 2774 Ι.
1240 2738 1327 2776 vt.-

265 2793 479 2849 Confess.
497 2803 658 2851 c.,ll.
693 2799 758 2848 de
789 2805 954 2854 matre
984 2813 1108 2849 sua:
1144 2802 1160 2829 ‘
1188 2800 1320 2849 Cum

269 2872 325 2921 ad
355 2877 654 2926 'memorias
710 2883 1023 2940 sanctorum,
1076 2878 1212 2928 sicut
1265 2878 1319 2927 in

269 2949 434 3002 Africa
454 2955 614 3017 solet,
637 2955 825 3018 pultes,
846 2961 904 3005 et
936 2970 1122 3020 panem
1139 2961 1195 3005 et
1218 2969 1324 3005 me·

269 3039 369 3077 rum
390 3030 687 3081 attulisset!
743 3030 911 3081 Addit
931 3047 1072 3094 mox,
1096 3031 1319 3082 vetitum

269 3103 329 3152 ab
367 3105 661 3166 Ambrosio,
691 3108 707 3137 ‘
729 3108 871 3174 quod
905 3107 994 3157 illa
1031 3109 1321 3173 parentalia

268 3183 609 3245 superstitioni
655 3186 884 3249 gentium
933 3192 1110 3235 essent
1163 3186 1330 3239 ιιίιιιίῑ·ι

218 3292 221 3295 ι
263 3253 408 3311 limax
467 3261 699 3311 Paullini
720 3262 891 3311 locum
932 3261 1053 3311 huic
1088 3262 1164 3312 rei
1203 3262 1321 3312 sub-

269 3338 399 3399 texo,
420 3337 472 3387 in
494 3338 687 3389 Felicis
708 3338 889 3389 Natali
910 3352 992 3388 ιιι.
1009 3340 1029 3402 ξ
1052 3339 1323 3403 ignoscen-

271 3410 329 3462 da
351 3422 525 3467 tamen
557 3422 689 3482 puto
733 3418 874 3480 talia,
910 3418 1083 3482 parvis
1117 3419 1324 3469 Gaudia

270 3504 372 3555 qum
393 3494 591 3545 ducunt
612 3494 795 3559 epulis,
816 3496 939 3561 quia
959 3495 1220 3546 mentibus
1242 3510 1323 3545 er-

269 3580 348 3617 ror
364 3569 568 3637 Inrepit
591 3573 805 3623 rudibus
826 3589 840 3623 x
878 3587 976 3623 nec
1011 3579 1177 3624 tantae
1202 3589 1325 3625 con-

272 3646 368 3697 scia
388 3651 553 3714 culpae
577 3649 895 3715 Simplicitas
932 3652 1133 3715 pietate
1159 3652 1325 3714 cad-it,

271 3725 392 3775 male
410 3727 626 3779 credula
645 3734 852 3778 sanctos
869 3725 1103 3778 Perfusio
1118 3729 1326 3779 halante

274 3810 402 3853 nero
425 3805 656 3867 gaudere
679 3803 967 3871 sepulcris:
1032 3804 1140 3855 Ubi
1170 3804 1328 3856 rusti·

274 3879 403 3928 culos
421 3896 539 3933 suos
562 3880 616 3930 in
639 3881 796 3932 Italia
816 3888 1049 3945 excusat,
1086 3881 1222 3947 quod
1247 3881 1328 3931 usi

273 3955 350 4003 vel
383 3956 548 4021 abusi,
572 3971 668 4021 per
708 3958 1117 4022 simplicitatem,
1156 3958 1324 4007 veteri

277 4032 777 4097 gentiliummoread
802 4034 1130 4098 sepulchrum
1153 4034 1326 4106 ipsum

275 4106 338 4158 Ι).
362 4110 557 4163 Felicis.
609 4112 825 4176 Legem,
837 4112 1018 4175 pietate
1038 4116 1186 4162 caret.
1239 4110 1323 4160 Ad

278 4197 357 4237 ou
375 4201 509 4251 ›ei-go
552 4188 927 4250 novemdiales,
961 4190 1062 4238 διο.
1116 4187 1147 4216 ⁴¹*
1204 4194 1326 4251 post

279 4266 490 4325 stragem
510 4264 705 4332 sejani.
746 4266 868 4316 Non
890 4265 1125 4314 absimile
1149 4264 1328 4315 Plauti

278 4333 427 4391 illudz
458 4341 475 4371 ⁴
501 4342 668 4399 Cocus
688 4340 780 4395 ille
810 4340 1105 4395 nundinalis
1138 4347 1240 4406 est,
1270 4340 1326 4393 iu

1396 575 1587 611 nonum
1606 561 1738 611 diem
1759 548 1995 612 Solet'ire
2012 560 2251 612 coctum?
2274 560 2339 611 Id
2358 566 2467 625 est,

1396 637 1593 688 Feralis
1631 638 2090 702 novemdialisque,
2128 645 2182 687 et
2213 638 2301 702 qui
2322 653 2469 687 mor-

1397 717 1498 766 tuis
1521 722 1721 766 tantum
1743 716 1922 780 parat
1908 732 1960 764 ιιι
1978 731 2201 766 ca’nam:
2229 721 2286 764 ut
2302 716 2467 780 praeit

1395 794 1545 844 nobis
1568 793 1703 843 bene
1720 795 1925 843 Festus.
1964 793 2199 857 Lipsius.

1466 870 1798 920 Nwendialem
1818 885 1919 919 eam
1939 868 2137 932 caeuaem]
2170 866 2469 920 Nouendiatt

1394 961 1578 996 saer-um
1614 954 1730 997 erat
1764 953 2116 997 mortuorum:
2158 947 2338 1010 itaque
2375 960 2460 996 ac

1396 1032 1609 1074 cusatus
1631 1022 1752 1088 fuit,
1788 1024 1923 1089 quod
1965 1024 2166 1072 natales
2202 1020 2458 1085 Augu'stoe

1394 1101 1575 1163 epulas
1597 1115 1774 1150 coenam
1803 1105 2087 1150 mortuorum
2117 1099 2459 1163 appellasset:

1396 1185 1661 1242 tamquam
1697 1176 1880 1226 fuisset
1917 1178 1960 1225 is
2001 1184 2146 1226 ortus
2184 1174 2361 1225 feralis
2380 1179 2459 1226 at·

1395 1269 1495 1319 que
1520 1254 1817 1306 exitiabilis.
1865 1255 2133 1304 Ferrettus.

1411 1333 1762 1396 .Querensque
1811 1333 1871 1381 de
1917 1330 2152 1395 potentio]
2218 1331 2300 1380 Ex
2354 1330 2458 1382 Ms.

1394 1411 1605 1461 restitui
1642 1412 1874 1475 verbum,
1917 1425 2211 1475 querensque.
2268 1410 2473 1472 Vulgo,

1392 1490 1764 1552 quaerentemque.
1847 1489 2017 1538 Recte
2077 1501 2200 1549 ergo
2255 1485 2461 1549 Lipsius

1393 1567 1596 1615 monuit
1635 1566 1934 1630 legendum,
1983 1565 2214 1621 dixissen
2271 1578 2330 1613 ac
2369 1562 2460 1612 de-

1391 1639 1844 1702 inde,addidisset.·
1878 1649 1937 1692 ut
1959 1657 2052 1691 nos
2085 1641 2137 1689 iu
2174 1644 2324 1690 textu
2344 1652 2469 1688 cor-

1391 1718 1639 1768 reximus.
1673 1720 1815 1769 Male
1837 1726 2016 1782 antea,
2031 1716 2231 1781 dixisse,
2251 1722 2307 1765 et
2327 1715 2473 1764 oddi-

1393 1795 1537 1845 disse.
1594 1795 1838 1846 Pichena.

1458 1876 1539 1925 M.
1557 1874 1753 1940 Lepidi]
1784 1875 1965 1938 Manii,
1985 1880 2044 1924 ut
2065 1887 2223 1937 saepe.
2256 1870 2391 1935 Lips.

1460 1952 1630 2015 Neque
1650 1957 1819 2001 cuncto
1840 1967 1870 2001 a
1887 1949 2195 2016 primoribus]
2227 1948 2314 1998 Sic
2332 1946 2461 1997 fide-

1391 2028 1516 2078 liter
1547 2043 1615 2077 ex
1653 2029 1799 2077 Man.
1835 2035 2007 2077 tamen
2039 2026 2090 2076 in
2128 2024 2349 2088 vulgatis·
2381 2036 2471 2075 rea¹

1393 2105 1621 2169 positum
1661 2103 1792 2156 fuit:
1837 2119 1981 2168 neque
2021 2104 2279 2154 cuneatim.
2346 2102 2465 2151 Pri·
2511 2143 2514 2147 .

1392 2197 1534 2231 mum
1558 2182 1779 2247 ambigo,
1799 2197 1917 2231 nam
1941 2180 2110 2245 proba
2135 2177 2353 2229 fortasse
2377 2190 2477 2227 ve*

1394 2265 1477 2308 tus
1497 2259 1689 2309 lectio:
1725 2265 1783 2309 ut
1806 2259 2145 2322 intelligatur,
2165 2268 2266 2306 non
2288 2253 2462 2304 omnia

1394 2335 1485 2384 illa
1510 2336 1629 2399 tria,
1654 2351 1771 2400 quae
1792 2335 2094 2383 Messallino
2114 2332 2325 2395 objecta
2347 2328 2463 2379 fue·

1393 2418 1537 2474 runt,
1567 2410 1806 2462 convinci
1845 2425 1875 2459 a
1898 2407 2207 2474 primoribus
2232 2404 2462 2455 civitatis

1393 2488 1677 2552 potuisse..
1712 2487 1817 2537 Sed
1861 2484 2225 2536 antecedentia
2275 2489 2331 2532 et
2385 2496 2462 2533 se·

1392 2566 1610 2632 quentia
1652 2564 1967 2616 contrarium
2023 2561 2242 2612 suadere
2289 2559 2465 2608 viden-

1393 2652 1511 2698 tur:
1564 2646 1743 2710 itaque
1780 2642 2044 2693 levissima
2076 2639 2361 2689 mutatione
2385 2637 2462 2686 le-

1394 2737 1590 2788 gerem,
1625 2738 1768 2786 eaque
1808 2725 2005 2771 mota:
2057 2716 2112 2766 id
2152 2721 2254 2779 est,
2289 2715 2356 2763 de
2400 2713 2463 2763 iis

1393 2801 1601 2852 cunctis
1641 2798 2039 2856 revincebant-3
2075 2793 2256 2843 eadem
2295 2789 2469 2854 figura

1394 2876 1612 2941 dictum,
1634 2890 1736 2939 qua
1774 2874 1931 2939 paulo
1964 2885 2155 2935 supra:
2190 2868 2464 2931 ‘arguitur

1394 2953 1678 3020 pleraque‚'
1702 2959 1757 3002 et
1782 2950 1950 3001 iufra:
1973 2950 2221 3000 adlevatur
2238 2945 2465 2995 animum.

1393 3031 1624 3080 Similem
1647 3029 1755 3079 fere
1789 3027 2100 3078 locutionem
2124 3023 2283 3073 habes
2315 3022 2471 3073 Hist-

1394 3106 1487 3156 lib.
1525 3120 1587 3156 11.
1634 3105 1650 3133 ‘
1677 3118 1843 3170 eaque
1883 3109 2073 3153 cuncta
2116 3114 2211 3165 per
2247 3098 2490 3163 idoneos,

1393 3184 1675 3245 ministros,
1729 3186 1829 3232 ὅτε.
1884 3175 2298 3254 ῖεεῐίιιψιιιιῐιιιῖ
2376 3171 2470 3222 Pis

1394 3261 1556 3310 cheno.
1634 3259 1858 3324 Optime
1915 3255 2151 3306 videtur
2172 3251 2465 3317 conjecisse

1396 3352 1546 3388 socer
1564 3350 1726 3395 meus,
1742 3349 1885 3398 eaque
1902 3337 2090 3382 cuncta:
2114 3336 2259 3380 certe
2282 3341 2463 3378 sensus

1394 3413 1492 3463 hoc
1516 3414 1724 3463 clamat.
1791 3408 2158 3461 Freinshemius.

1465 3488 1795 3540 convivalium
1842 3484 2122 3546 fabularum
2160 3477 2477 3543 simplicitas]-

1399 3568 1519 3616 Sen.
1563 3563 1751 3617 Benef.
1789 3576 1878 3613 ιιι.
1922 3566 2006 3612 26.
2051 3561 2067 3588 ‘
2089 3556 2469 3622 Exeipiebatm·

1398 3644 1663 3694 ebriorum
1703 3642 1892 3704 s’ermo,
1934 3636 2239 3701 simplicitas
2283 3633 2466 3698 jocan-

1401 3721 1565 3771 tium!
1610 3720 1850 3770 Aurelius.
2462 3736 2475 3749 ν

1467 3799 1607 3849 ῦΑι».
1629 3802 1678 3846 6.
1713 3796 1808 3845 Dii
1834 3807 1928 3854 me,
1949 3787 2180 3853 Deoeqtoe]
2212 3786 2228 3815 ‘
2254 3786 2473 3837 Postrffl

1400 3891 1485 3926 mo
1519 3874 1795 3938 semetipse
1831 3877 2084 3934 pertaesus
2109 3863 2202 3914 tali
2225 3860 2468 3925 epistolae
2486 3878 2503 3897 ι

1401 3952 1659 4017 principio
1694 3954 1897 4000 tantum
1927 3960 2032 3995 non
2065 3953 2313 3992 summam
2349 3951 2472 3987 suo-

1400 4044 1516 4079 rum
1569 4028 1821 4077 malorum
1877 4018 2136 4087 professus
2199 4014 2315 4079 est,'
2363 4017 2467 4070 &c-

1399 4105 1617 4156 Sueton.
1639 4102 1813 4152 Tiber.
1833 4103 1915 4148 68.
1950 4097 2191 4146 Muretus.
2308 4122 2312 4124 v
2380 4130 2387 4137 .

1421 4218 1428 4221 -
1466 4183 1688 4232 firmare
1707 4177 1893 4240 solitus]
1942 4173 2142 4222 Mutet.
2172 4167 2485 4234 Adfirmare.-

1400 4256 1685 4317 Acidalius.
2472 4280 2484 4297 ,

1465 4334 1795 4388 Recluaantur
1806 4332 2118 4395 tyrannorum
2132 4319 2335 4386 nantes]
2346 4319 2470 4395 1312-
