3009 4942
412 311 589 380 3770

416 470 506 522 Sic
543 469 657 521 fere
712 470 912 523 Seneca
961 469 1027 520 de
1079 471 1279 521 Catone
1319 471 1482 532 dieit3

420 549 588 612 Epist.
629 552 740 598 104.
787 549 802 575 ‘
825 548 953 599 Cum
993 548 1080 597 alii
1120 547 1186 597 ad
1221 550 1485 599 Caesarem

422 623 751 685 inclinarent,
793 624 875 675 alii
900 625 968 674 ad
992 622 1319 691 Pompeium,
1349 627 1489 679 solus

424 701 557 752 Cato
597 703 724 752 fecit
764 703 960 766 aliquas
990 709 1043 753 et
1085 702 1239 767 Reip.
1278 707 1490 770 partes)

424 779 529 829 Sed
568 779 632 829 de
667 780 834 828 Bruto
871 779 1007 831 idem
1045 781 1208 830 nostri
1238 770 1524 844 judicium?

426 856 499 906 H.
523 870 563 907 1.
582 860 666 927 δᾳ
687 859 702 883 ‘
730 870 1015 905 mansuram
1041 853 1199 909 fuisse
1223 856 1321 906 sub
1343 856 1495 923 Pom-

427 933 545 998 peio
570 932 838 997 Brutoque
862 931 1290 997 Rempublicam!
1326 932 1495 982 Frein-

427 1010 654 1060 abentius.

503 1086 599 1134 Ubi
632 1084 835 1135 militem
876 1086 1032 1148 donis]
1099 1087 1356 1151 Respexit
1398 1086 1506 1136 hue

430 1160 634 1225 Victor,
653 1177 766 1212 eum
788 1163 853 1211 de
879 1162 1063 1212 eodem
1079 1161 1319 1227 Angusto
1339 1163 1499 1226 serip-

432 1240 536 1291 sit:
595 1240 612 1267 ‘
637 1238 837 1288 Illectis
895 1254 990 1302 per
1045 1238 1183 1289 dona
1236 1239 1504 1301 militibus,

435 1323 593 1380 atque
672 1330 911 1367 annonae.
976 1317 1220 1366 miranda»,
1325 1317 1504 1380 specie

436 1393 613 1457 vulgo,
647 1399 851 1443 ceteros
888 1393 1023 1442 haud
1050 1393 1329 1444 difficulter
1358 1393 1508 1443 sube-

437 1470 551 1534 git.'
583 1468 797 1533 Lipsius.
864 1471 1122 1521 Militares
1143 1472 1295 1521 animi
1320 1471 1417 1522 toti
1441 1470 1509 1520 ad

437 1549 640 1598 lucrum
684 1548 869 1597 intenti
910 1555 1060 1598 sunt:
1099 1563 1267 1613 neque
1308 1549 1415 1598 ulla
1452 1562 1510 1597 re

441 1625 603 1687 magis
629 1639 783 1688 quam
804 1623 954 1673 donis
978 1630 1366 1687 permoventur.
1413 1625 1512 1674 Est

443 1702 652 1767 quidem
712 1717 888 1751 verum
944 1703 1072 1752 illud
1138 1703 1477 1752 Homericum
1495 1696 1522 1752 :¹

442 1780 586 1843 napa,
596 1776 726 1838 θεοὺς
738 1777 902 1841 πείθει,
918 1779 1029 1844 &apl
1041 1777 1238 1829 αἷδοίους
1257 1781 1515 1838 βασιλῆας.

443 1855 549 1905 Sed
587 1856 751 1905 multo
776 1856 946 1906 verius
987 1857 1040 1906 in
1084 1857 1164 1919 iis,
1202 1858 1290 1922 qui
1327 1856 1517 1921 exigua

447 1932 723 1997 pecuniola
758 1932 992 1995 adducti,
1036 1934 1196 1984 vitam
1231 1950 1371 1984 suam
1396 1949 1519 1999 quo-

452 2009 582 2059 tidie
614 2009 666 2058 in
714 2024 864 2059 omne
909 2010 1186 2060 discrimen
1232 2017 1519 2075 exponunt.

451 2088 672 2140 Quando
725 2089 859 2136 enim
911 2089 1185 2152 pecuniam
1230 2090 1521 2153 negligent,

453 2167 541 2231 qui
563 2166 722 2215 vitam
759 2165 922 2229 ipsam
963 2179 1072 2229 prae
1099 2166 1323 2229 pecunia
1361 2166 1524 2229 negli-

455 2245 611 2308 gunt?
678 2243 866 2308 Itaque
890 2250 1137 2307 quantum
1165 2242 1306 2307 apud
1330 2244 1525 2292 milites

450 2322 592 2392 dona
615 2322 832 2387 possint,
865 2322 1023 2386 magis
1047 2323 1205 2372 etiam
1220 2324 1527 2387 'posteriori-

458 2394 556 2450 ifu‘s
594 2398 796 2449 saeculis
819 2399 1144 2450 intellectum
1166 2407 1266 2466 est,
1300 2412 1436 2465 eum,
1468 2405 1529 2450 ut

459 2477 681 2544 quisque
708 2477 1080 2541 amplissimum
1118 2478 1418 2528 donativum
1443 2479 1532 2528 ob-

462 2555 678 2618 tulerat,
706 2555 777 2604 ita
802 2554 867 2604 ad
891 2569 1009 2604 eum
1030 2555 1308 2618 imperium
1332 2554 1533 2605 defere-

462 2631 614 2694 bant,
652 2647 754 2681 non
798 2631 993 2680 diutius
1033 2632 1289 2695 imperare
1314 2629 1538 2696 passuri,

460 2722 618 2775 quam
660 2709 782 2759 dum
819 2710 1156 2773 reperiretur,
1188 2710 1535 2774 qusamplius

466 2785 823 2848 polliceretur.
879 2787 952 2835 Et
974 2792 1144 2850 erant,
1164 2786 1270 2850 qui,
1293 2792 1536 2852 tanquam

464 2862 520 2910 in
545 2861 803 2925 auctione,
842 2861 1187 2927 licitarentur,
1218 2877 1330 2912 non·
1353 2864 1539 2929 quanti

464 2939 809 3005 imperarent,
856 2939 950 2988 sed
1000 2938 1181 3004 quanti
1219 2940 1376 3004 paulo
1419 2946 1541 3005 post

466 3023 796 3066 mererentur
819 3015 1178 3080 imperatores.
1215 3018 1454 3068 Muretus.

460 3128 467 3133 .
510 3090 773 3156 ·Ρᾰ)ῥιιῑιιηι
810 3091 1017 3154 annm]
1084 3092 1227 3142 Nihil
1256 3101 1351 3144 ‘est
1400 3094 1542 3144 enim

466 3168 611 3233 qnod
630 3168 881 3232 populum
903 3168 1066 3232 magis
1088 3174 1348 3235 torqueat,
1364 3177 1455 3221 aut
1468 3170 1543 3221 fa-

475 3244 626 3294 cilius
641 3244 707 3294 ad
725 3243 1031 3294 seditionem
1057 3247 1334 3309 populares
1351 3248 1543 3298 animos

475 3320 729 3381 concitet,
784 3334 941 3384 quam
983 3334 1203 3370 annonae
1248 3321 1545 3373 difficultas.

478 3399 648 3462 Urget
666 3399 807 3447 enim
830 3397 1051 3447 fames:
1066 3413 1186 3463 qna,
1227 3405 1305 3449 ut
1324 3401 1398 3451 ait
1436 3403 1549 3451 Ho-

465 3475 701 3526 mericus
722 3477 951 3539 Ulyssem
973 3476 1102 3524 mori
1130 3474 1550 3528 molestissimum

470 3552 595 3602 est:
631 3564 801 3615 neque
819 3550 898 3598 sui
927 3545 1160 3600 oblivisci
1185 3552 1412 3615 patitur:
1446 3568 1553 3604 ven-

484 3633 664 3698 terque,
685 3624 1041 3689 utproverbio
1061 3624 1264 3691 dicunt,
1296 3643 1435 3677 aures
1461 3644 1555 3679 uon

483 3704 648 3754 habet:
727 3703 918 3768 Neque
953 3705 1114 3768 vulgo
1147 3704 1430 3756 odiosiores
1462 3707 1555 3756 nlli

487 3788 628 3845 sunt,
659 3794 811 3845 quam
839 3780 927 3844 qni
963 3792 1218 3830 annonam
1253 3782 1558 3847 incendunt,

489 3865 548 3907 et
570 3854 1039 3907 excandefaeiunt:
1076 3871 1247 3921 neque
1271 3860 1363 3908 ulli
1394 3861 1557 3924 magis

490 3935 648 3999 quain
672 3933 767 3997 qui
808 3946 923 3983 eam
967 3933 1265 3996 sublevant,
1309 3937 1559 4000 populum

486 4011 847 4060 demerentur-n
913 4008 1165 4058 Raditum
1189 4011 1458 4062 Ciceronis
1495 4013 1561 4062 ab

484 4085 653 4138 exilio
683 4084 1052 4148 jucundiorem
1090 4088 1282 4151 populo
1312 4087 1472 4139 fuisse
1495 4091 1565 4139 ai·

483 4169 613 4228 ιιιιις
644 4160 783 4227 quod
813 4176 1082 4224 summam,
1114 4178 1243 4228 quae
1265 4171 1431 4215 antea
1456 4164 1568 4216 fue-

491 4245 603 4306 nt,
635 4250 854 4292 aunone
878 4238 1165 4297 caritatem
1174 4254 1374 4296 summa
1394 4241 1568 4299 vilitas
1644 4239 1750 4293 bis·-
1779 4237 2124 4292 sustinebant.

1108 329 1327 380 NOTAE
1377 328 1782 381 vAmoRUM
1831 329 1914 378 m

1562 477 1841 523 consecuta
1877 476 1974 522 est.
2039 471 2320 536 Sapienter
2372 476 2434 524 ut
2472 472 2628 537 solet,

1561 550 1771 600 Tacitus
1790 548 2179 601 noster·Annal.
2202 552 2238 599 1.
2260 565 2335 602 ιν.
2357 551 2425 601 ab
2448 566 2632 601 exces-

1565 643 1623 676 su
1668 628 1891 678 Neronis
1930 627 2024 689 ait,
2064 629 2251 693 ‘vulgo
2293 629 2541 679 alimenta
2578 630 2634 678 in

1566 705 1676 755 dies
1695 705 1916 756 mercari
1953 704 2105 755 solito
2140 721 2431 771 unamtesse
2465 720 2532 755 ex
2556 718 2635 754 re-

1569 785 1713 848 publ.
1737 799 1950 834 annonae
1987 784 2202 834 curam!
2271 784 2422 849 Auri,
2445 798 2637 849 pnrpu-

1531 876 1667 924 ÷rae,
1697 862 1966 927 ‘honorum‘
2016 861 2129 925 plus
2173 860 2313 925 apud
2358 858 2483 911 aiios
2525 873 2638 908 esse

1572 937 1722 1002 plebs
1775 948 1934 1003 aequo'
1965 938 2134 988 animo
2169 937 2302 988 fert:
2371 939 2640 1005 quiescere

1575 1016 1803 1065 esuriens
1827 1030 1925 1064 non
1949 1021 2139 1079 potest.
2208 1016 2347 1065 Cum·
2372 1014 2531 1078 igitur
2566 1013 2642 1061 si-

1576 1092 1694 1142 culo
1726 1090 1970 1143 adversus
2002 1090 2126 1140 Sex.
2161 1088 2471 1154 Pompeium
2507 1088 2644 1138 bello

1578 1166 1770 1218 caritas
1815 1163 2011 1216 effecta
2053 1172 2212 1231 esset,
2267 1165 2522 1215 vilitatem
2563 1178 2647 1213 re-

1579 1243 1732 1303 duxit
1775 1242 2056 1305 Augustus.
2128 1242 2213 1292 Ita
2253 1244 2501 1306 populum
2538 1241 2651 1305 pei·

1580 1320 1711 1370 lexit
1735 1333 1953 1368 annona.
1988 1310 2227 1373 Muretus.
2294 1318 2461 1368 Immo
2485 1318 2650 1367 multo

1582 1387 1742 1458 magis
1781 1394 2042 1450 frumento
2083 1395 2350 1461 gratuit03
2384 1394 2495 1444 haee
2515 1393 2654 1443 enim

1585 1475 1674 1524 illa
1693 1474 1831 1524 lenta
1855 1482 1911 1523 et
1933 1480 2189 1539 perpetua
2213 1473 2380 1537 plebis
2404 1473 2651 1522 Romanae

1588 1553 1791 1602 vincula
1816 1552 2030 1601 escaria.
2079 1551 2293 1602 Sueten.
2320 1549 2653 1615 Octavio‚40.

1588 1633 1680 1683 41..
1707 1628 1992 1678 Gronoviioe.
2607 1644 2612 1649 ·

1654 1705 1827 1755 Μιιιιὶα
1852 1705 2076 1768 Senatus,
2095 1703 2480 1767 magistratuum,
2504 1702 2659 1764 legum

1589 1785 1643 1834 ia
1658 1798 1708 1833 se
1725 1782 1939 1845 trahere]
1973 1774 2135 1835 Q'uia‘si
2153 1786 2355 1833 eeteros
2375 1782 2549 1830 labore
2573 1794 2661 1829 ex-

1593 1862 1851 1910 solveret:
1888 1859 2003 1923 ipse
2026 1873 2229 1908 omnem
2250 1857 2540 1907 molestiam
2565 1854 2661 1922 rei·
2714 1917 2720 1924 ¹

1594 1938 1738 2003 publ.
1760 1951 1916 1987 causa
1947 1937 2001 1985 in
2026 1951 2081 1986 se
2107 1933 2384 1985 transferre
2422 1949 2482 1984 ac
2504 1932 2663 1983 susei-

1595 2029 1723 2078 pere
1780 2014 1955 2063 vellet.
2037 2011 2346 2074 Legationes
2403 2014 2563 2069 antea
2611 2006 2666 2069 iii

1593 2090 1797 2141 Senatu
1822 2088 2269 2138 audiri‚solebant.
2337 2087 2455 2137 Hac
2482 2087 2668 2136 moles-

1598 2167 1676 2216 tia
1694 2167 1942 2215 Senatum
1966 2164 2205 2214 libeiavit
2231 2161 2537 2227 Augustnsf,
2559 2161 2670 2211 Au-

1601 2243 1704 2292 diri
1746 2241 1952 2306 quidem
1980 2256 2069 2290 eas
2093 2241 2258 2290 voluit
2291 2248 2347 2290 et
2384 2240 2436 2287 in
2474 2239 2675 2288 Senatu

1601 2324 1988 2399 nonnunquam,
2012 2323 2071 2367 ut
2104 2317 2323 2367 Senatus
2340 2314 2674 2380 'aliquidaut-

1605 2394 1730 2445 men.
1771 2409 1927 2459 agere
1971 2393 2274 2444 videretur.
2334 2390 2456 2442 s'ed
2483 2391 2674 2456 ρΙειιιέ-
2703 2416 2712 2429 ·

1606 2488 1710 2538 que
1768 2473 1934 2541 domi,
1994 2471 2178 2535 paucis
2235 2464 2500 2541 adhibitis,
2571 2466 2675 2530 ipsi

1608 2565 1723 2601 cum
1770 2549 2065 2611 videbatur,
2108 2546 2371 2597 audiebat.
2447 2540 2673 2594 Senatus

1609 2626 1676 2675 de
1700 2632 1848 2690 pace,
1863 2625 1934 2675 de
1954 2624 2114 2686 bello,
2150 2624 2216 2672 de
2250 2621 2533 2686 provinciis
2555 2618 2679 2668 deli-

1610 2703 1843 2755 berabat.
1909 2701 2052 2753 Quid
2072 2713 2203 2764 opus
2225 2704 2339 2748 erat
2361 2700 2469 2749 tam
2490 2698 2677 2747 multos

1609 2792 1762 2830 senes
1805 2783 2010 2827 tautum
2053 2776 2542 2839 laborem·eape1=e‚'
2572 2774 2682 2821 tam

1614 2868 1767 2905 mane
1790 2853 2072 2904 conuenire
2094 2853 2147 2901 in
2170 2851 2397 2914 Curiam,
2430 2857 2536 2900 tam
2558 2850 2687 2898 mul-

1618 2938 1674 2982 ta
1693 2932 1767 2983 ibi
1792 2930 2001 3020 audire,
2030 2937 2146 2980 tam
2165 2930 2331 2978 multa
2352 2927 2558 2991 dicere,
2579 2930 2687 2976 tam

1617 3009 1833 3074 vesperi
1864 3009 2070 3058 domum
2106 3005 2284 3057 fessos
2301 3011 2359 3055 et
2379 3004 2585 3055 viribus·
2595 3004 2687 3075 exi-

1617 3089 1829 3138 haustos
1862 3086 2092 3135 redire?
2085 3083 2401 3134 valetudini
2424 3090 2604 3131 eornm
2627 3093 2689 3128 ac

1619 3165 1784 3231 quieti
1839 3163 2134 3228 prospexit
2165 3160 2449 3225 Angustus.
2529 3153 2692 3207 Do‘mi

1620 3242 1736 3290 haec
1759 3247 1880 3289 cum
1903 3238 2082 3301 paucis
2102 3242 2336 3288 tractare
2363 3232 2542 3297 eoepit.
2577 3232 2693 3280 Mu·

1624 3320 1948 3385 gistratuumj
1963 3317 2108 3366 varia
2131 3331 2193 3366 ac
2216 3305 2698 3377 multiplex‘procu'n

1624 3397 1770 3447 ratio·
1774 3402 1910 3445 erat.
1956 3394 2224 3459 Augustus
2242 3392 2563 3443 consulatum
2582 3388 2696 3455 qui-

1628 3473 1764 3544 dem,
1780 3473 1869 3537 qui
1893 3472 2185 3535 praeeipuus
2201 3475 2319 3519 erat
2346 3462 2701 3530 magistratus,

1625 3549 1851 3613 sumpsit
1873 3549 1991 3612 sibi,
2014 3561 2131 3597 eum
2155 3546 2335 3609 volnit‘,
2349 3543 2701 3609 quamdiuvo-

1629 3629 1730 3678 luit
1767 3633 1823 3677 et
1861 3627 2067 3714 quoties
2102 3626 2284 3675 voluit.
2333 3624 2468 3673 Nam
2512 3617 2596 3671 dt
2604 3616 2726 3679 ἰιιῖιιῗ

1633 3712 1853 3767 vestem,
1884 3703 1959 3751 sic
1980 3703 2068 3751 ille
2089 3699 2430 3761 consulatum,
2470 3695 2588 3753 cum
2606 3695 2702 3746 'vo-

1632 3783 1821 3844 luerat,
1845 3779 2105 3845 capiebat,
2133 3776 2449 3841 deponebat,
2477 3775 2705 3845 resume}

1634 3860 1724 3909 bat
1746 3875 1761 3918 ;
1793 3872 1893 3906 neu
1916 3854 2217 3920 populus‘de
2234 3852 2407 3902 dando
2428 3852 2479 3901 ei
2502 3846 2705 3913 collega

1633 3935 1885 3985 sollicitus
1930 3932 2087 3994 foret,
2132 3931 2245 3994 ipse
2288 3930 2389 3979 sibi
2429 3924 2705 3991 collegam,

1638 4025 1788 4077 quem
1806 4011 2049 4070 libuerat,
2063 4021 2162 4056 non
2181 4006 2383 4071 quirina
2407 4006 2710 4068 imperaret,
2822 4040 2830 4046 .

1640 4088 1733 4139 sed
1768 4086 1856 4152 qui
1878 4074 2136 4149 imperata
2158 4082 2377 4146 faceret,
2407 4079 2711 4144 coeptabat.
2771 4103 2781 4134 ·.

1607 4156 1921 4232 Magnum
1910 4176 1961 4210 ιιι
1980 4160 2214 4222 Republ.·
2230 4162 2358 4209 on‘us
2380 4156 2578 4208 tribuni
2601 4151 2714 4220 p'le‘

2210 4236 2354 4302 lpse·
2389 4232 2746 4298 tribunatum*
