<?xml version="1.0" encoding="UTF-8"?>
<!DOCTYPE html PUBLIC "-//W3C//DTD XHTML 1.0 Transitional//EN"
    "http://www.w3.org/TR/xhtml1/DTD/xhtml1-transitional.dtd">
<html xmlns="http://www.w3.org/1999/xhtml" xml:lang="en" lang="en">
 <head>
  <title>
</title>
<meta http-equiv="Content-Type" content="text/html;charset=utf-8" />
  <meta name='ocr-system' content='tesseract 3.04.00' />
  <meta name='ocr-capabilities' content='ocr_page ocr_carea ocr_par ocr_line ocrx_word'/>
</head>
<body>
  <div class='ocr_page' id='page_1' title='image "./operaomnia10tacigoog_0082.png"; bbox 0 0 3009 4942; ppageno 0'>
   <div class='ocr_carea' id='block_1_1' title="bbox 346 3940 796 4004">
    <p class='ocr_par' dir='ltr' id='par_1_1' title="bbox 346 3940 796 4004">
     <span class='ocr_line' id='line_1_1' title="bbox 346 3940 796 4004; baseline 0.013 -13"><span class='ocrx_word' id='word_1_1' title='bbox 346 3940 355 3949; x_wconf 87' lang='lat'><em>&#39;</em></span> <span class='ocrx_word' id='word_1_2' title='bbox 449 3944 670 4004; x_wconf 79' lang='lat' dir='ltr'><strong>Metam.</strong></span> <span class='ocrx_word' id='word_1_3' title='bbox 695 3959 796 3998; x_wconf 83' lang='lat' dir='ltr'><strong>xu.</strong></span> 
     </span>
    </p>
   </div>
   <div class='ocr_carea' id='block_1_2' title="bbox 446 568 1525 2481">
    <p class='ocr_par' dir='ltr' id='par_1_2' title="bbox 446 568 1519 857">
     <span class='ocr_line' id='line_1_2' title="bbox 446 568 1518 635; baseline -0.006 -11"><span class='ocrx_word' id='word_1_4' title='bbox 446 572 746 633; x_wconf 66' lang='lat' dir='ltr'><strong>volutatur,</strong></span> <span class='ocrx_word' id='word_1_5' title='bbox 789 571 904 635; x_wconf 83' lang='lat' dir='ltr'><strong>pari</strong></span> <span class='ocrx_word' id='word_1_6' title='bbox 945 568 1192 635; x_wconf 80' lang='lat' dir='ltr'><strong>utrinque</strong></span> <span class='ocrx_word' id='word_1_7' title='bbox 1231 582 1415 634; x_wconf 62' lang='lat' dir='ltr'><strong>prora,</strong></span> <span class='ocrx_word' id='word_1_8' title='bbox 1458 575 1518 620; x_wconf 89' lang='lat' dir='ltr'><strong>et</strong></span> 
     </span>
     <span class='ocr_line' id='line_1_3' title="bbox 448 645 1519 715; baseline -0.003 -17"><span class='ocrx_word' id='word_1_9' title='bbox 448 647 687 715; x_wconf 73' lang='lat' dir='ltr'><strong>mutabili</strong></span> <span class='ocrx_word' id='word_1_10' title='bbox 730 647 961 712; x_wconf 79' lang='lat' dir='ltr'><strong>remigio,</strong></span> <span class='ocrx_word' id='word_1_11' title='bbox 979 645 1186 711; x_wconf 79' lang='lat' dir='ltr'><strong>quando</strong></span> <span class='ocrx_word' id='word_1_12' title='bbox 1214 647 1336 697; x_wconf 86' lang='lat' dir='ltr'><strong>hinc</strong></span> <span class='ocrx_word' id='word_1_13' title='bbox 1360 647 1441 697; x_wconf 79' lang='lat' dir='ltr'><strong>vel</strong></span> <span class='ocrx_word' id='word_1_14' title='bbox 1461 646 1519 696; x_wconf 85' lang='lat' dir='ltr'><strong>il·</strong></span> 
     </span>
     <span class='ocr_line' id='line_1_4' title="bbox 448 722 1518 791; baseline -0.005 -14"><span class='ocrx_word' id='word_1_15' title='bbox 448 725 557 791; x_wconf 71' lang='lat' dir='ltr'><strong>linc</strong></span> <span class='ocrx_word' id='word_1_16' title='bbox 586 725 867 790; x_wconf 74' lang='lat' dir='ltr'><strong>appellere,</strong></span> <span class='ocrx_word' id='word_1_17' title='bbox 889 723 1244 787; x_wconf 81' lang='lat' dir='ltr'><strong>indiscretum,</strong></span> <span class='ocrx_word' id='word_1_18' title='bbox 1282 728 1339 789; x_wconf 79' lang='lat' dir='ltr'><strong>et</strong></span> <span class='ocrx_word' id='word_1_19' title='bbox 1373 722 1518 772; x_wconf 84' lang='lat' dir='ltr'><strong>iuno·</strong></span> 
     </span>
     <span class='ocr_line' id='line_1_5' title="bbox 448 801 1030 857; baseline -0.002 -4"><span class='ocrx_word' id='word_1_20' title='bbox 448 801 590 853; x_wconf 72' lang='lat' dir='ltr'><strong>aium</strong></span> <span class='ocrx_word' id='word_1_21' title='bbox 609 804 727 852; x_wconf 54' lang='grc' dir='ltr'><strong>επ)</strong></span> <span class='ocrx_word' id='word_1_22' title='bbox 788 801 1030 857; x_wconf 69' lang='lat' dir='ltr'><strong>Aurelius.</strong></span> 
     </span>
    </p>

    <p class='ocr_par' dir='ltr' id='par_1_3' title="bbox 449 868 1517 1009">
     <span class='ocr_line' id='line_1_6' title="bbox 461 868 1517 943; baseline 0.002 -16"><span class='ocrx_word' id='word_1_23' title='bbox 461 868 469 877; x_wconf 82' lang='grc'><strong><em>’</em></strong></span> <span class='ocrx_word' id='word_1_24' title='bbox 516 879 692 927; x_wconf 81' lang='lat' dir='ltr'><strong>Multoe</strong></span> <span class='ocrx_word' id='word_1_25' title='bbox 710 877 932 942; x_wconf 75' lang='lat' dir='ltr'><strong>pontibus</strong></span> <span class='ocrx_word' id='word_1_26' title='bbox 949 876 1145 941; x_wconf 71' lang='lat' dir='ltr'><strong>strate]</strong></span> <span class='ocrx_word' id='word_1_27' title='bbox 1164 876 1517 943; x_wconf 60' lang='lat' dir='ltr'><strong>umalama..</strong></span> 
     </span>
     <span class='ocr_line' id='line_1_7' title="bbox 449 954 690 1009; baseline -0.029 0"><span class='ocrx_word' id='word_1_28' title='bbox 449 954 690 1009; x_wconf 67' lang='lat' dir='ltr'><strong>Muretus.</strong></span> 
     </span>
    </p>

    <p class='ocr_par' dir='ltr' id='par_1_4' title="bbox 446 1031 1525 2481">
     <span class='ocr_line' id='line_1_8' title="bbox 514 1031 1517 1097; baseline 0.002 -16"><span class='ocrx_word' id='word_1_29' title='bbox 514 1031 833 1093; x_wconf 73' lang='lat' dir='ltr'><strong>Augebantur</strong></span> <span class='ocrx_word' id='word_1_30' title='bbox 866 1031 1118 1081; x_wconf 69' lang='lat' dir='ltr'><strong>alacritate</strong></span> <span class='ocrx_word' id='word_1_31' title='bbox 1152 1032 1381 1097; x_wconf 71' lang='lat' dir='ltr'><strong>militum]</strong></span> <span class='ocrx_word' id='word_1_32' title='bbox 1413 1032 1517 1085; x_wconf 81' lang='lat' dir='ltr'><strong>Qui</strong></span> 
     </span>
     <span class='ocr_line' id='line_1_9' title="bbox 447 1107 1521 1174; baseline 0.003 -18"><span class='ocrx_word' id='word_1_33' title='bbox 447 1107 596 1173; x_wconf 71' lang='lat' dir='ltr'><strong>hujus</strong></span> <span class='ocrx_word' id='word_1_34' title='bbox 619 1109 723 1157; x_wconf 87' lang='lat' dir='ltr'><strong>loci</strong></span> <span class='ocrx_word' id='word_1_35' title='bbox 763 1108 1077 1159; x_wconf 85' lang='lat' dir='ltr'><strong>sententiam</strong></span> <span class='ocrx_word' id='word_1_36' title='bbox 1112 1109 1408 1174; x_wconf 81' lang='lat' dir='ltr'><strong>diligentius</strong></span> <span class='ocrx_word' id='word_1_37' title='bbox 1444 1112 1521 1171; x_wconf 71' lang='lat' dir='ltr'><strong>in-,</strong></span> 
     </span>
     <span class='ocr_line' id='line_1_10' title="bbox 449 1183 1519 1251; baseline 0.004 -19"><span class='ocrx_word' id='word_1_38' title='bbox 449 1184 701 1248; x_wconf 75' lang='lat' dir='ltr'><strong>spexerit,</strong></span> <span class='ocrx_word' id='word_1_39' title='bbox 720 1183 983 1248; x_wconf 82' lang='lat' dir='ltr'><strong>probabit,</strong></span> <span class='ocrx_word' id='word_1_40' title='bbox 1016 1191 1075 1235; x_wconf 91' lang='lat' dir='ltr'><strong>ut</strong></span> <span class='ocrx_word' id='word_1_41' title='bbox 1102 1185 1307 1249; x_wconf 78' lang='lat' dir='ltr'><strong>opinor,</strong></span> <span class='ocrx_word' id='word_1_42' title='bbox 1330 1187 1519 1251; x_wconf 69' lang='lat' dir='ltr'><strong>Faerni</strong></span> 
     </span>
     <span class='ocr_line' id='line_1_11' title="bbox 449 1256 1518 1328; baseline 0.007 -21"><span class='ocrx_word' id='word_1_43' title='bbox 449 1256 824 1323; x_wconf 77' lang='lat' dir='ltr'><strong>conjecturam,</strong></span> <span class='ocrx_word' id='word_1_44' title='bbox 856 1261 945 1326; x_wconf 87' lang='lat' dir='ltr'><strong>qui</strong></span> <span class='ocrx_word' id='word_1_45' title='bbox 977 1263 1260 1324; x_wconf 70' lang='lat' dir='ltr'><strong>agebantur,</strong></span> <span class='ocrx_word' id='word_1_46' title='bbox 1290 1264 1518 1328; x_wconf 77' lang='lat' dir='ltr'><strong>legebat,</strong></span> 
     </span>
     <span class='ocr_line' id='line_1_12' title="bbox 451 1336 1518 1405; baseline 0.006 -20"><span class='ocrx_word' id='word_1_47' title='bbox 451 1336 588 1405; x_wconf 74' lang='lat' dir='ltr'><strong>quod</strong></span> <span class='ocrx_word' id='word_1_48' title='bbox 612 1337 677 1386; x_wconf 89' lang='lat' dir='ltr'><strong>de</strong></span> <span class='ocrx_word' id='word_1_49' title='bbox 701 1338 917 1405; x_wconf 76' lang='lat' dir='ltr'><strong>navibus</strong></span> <span class='ocrx_word' id='word_1_50' title='bbox 941 1340 1153 1403; x_wconf 79' lang='lat' dir='ltr'><strong>proprie</strong></span> <span class='ocrx_word' id='word_1_51' title='bbox 1175 1339 1385 1390; x_wconf 89' lang='lat' dir='ltr'><strong>dicitur.</strong></span> <span class='ocrx_word' id='word_1_52' title='bbox 1424 1342 1518 1402; x_wconf 48' lang='lat' dir='ltr'><strong>Ur?</strong></span> 
     </span>
     <span class='ocr_line' id='line_1_13' title="bbox 446 1413 1521 1477; baseline 0.005 -15"><span class='ocrx_word' id='word_1_53' title='bbox 446 1413 594 1473; x_wconf 62' lang='lat' dir='ltr'><strong>sinus.</strong></span> <span class='ocrx_word' id='word_1_54' title='bbox 678 1415 920 1475; x_wconf 81' lang='lat' dir='ltr'><strong>Muretus</strong></span> <span class='ocrx_word' id='word_1_55' title='bbox 976 1417 1157 1477; x_wconf 87' lang='lat' dir='ltr'><strong>voluit,</strong></span> <span class='ocrx_word' id='word_1_56' title='bbox 1199 1418 1327 1467; x_wconf 81' lang='lat' dir='ltr'><strong>Citoe</strong></span> <span class='ocrx_word' id='word_1_57' title='bbox 1373 1419 1521 1475; x_wconf 70' lang='lat' dir='ltr'><strong>remis</strong></span> 
     </span>
     <span class='ocr_line' id='line_1_14' title="bbox 446 1489 1521 1552; baseline 0.002 -10"><span class='ocrx_word' id='word_1_58' title='bbox 446 1489 711 1552; x_wconf 75' lang='lat' dir='ltr'><strong>agebantur</strong></span> <span class='ocrx_word' id='word_1_59' title='bbox 745 1493 1014 1541; x_wconf 76' lang='lat' dir='ltr'><strong>alacritate.</strong></span> <span class='ocrx_word' id='word_1_60' title='bbox 1105 1494 1225 1542; x_wconf 91' lang='lat' dir='ltr'><strong>Non</strong></span> <span class='ocrx_word' id='word_1_61' title='bbox 1270 1508 1334 1542; x_wconf 84' lang='lat' dir='ltr'><strong>ea</strong></span> <span class='ocrx_word' id='word_1_62' title='bbox 1374 1508 1521 1544; x_wconf 86' lang='lat' dir='ltr'><strong>mens</strong></span> 
     </span>
     <span class='ocr_line' id='line_1_15' title="bbox 448 1565 1520 1632; baseline 0.005 -17"><span class='ocrx_word' id='word_1_63' title='bbox 448 1565 655 1621; x_wconf 72' lang='lat' dir='ltr'><strong>Taciti:</strong></span> <span class='ocrx_word' id='word_1_64' title='bbox 693 1568 778 1617; x_wconf 87' lang='lat' dir='ltr'><strong>cui</strong></span> <span class='ocrx_word' id='word_1_65' title='bbox 817 1568 918 1632; x_wconf 86' lang='lat' dir='ltr'><strong>ipsi</strong></span> <span class='ocrx_word' id='word_1_66' title='bbox 957 1582 1054 1618; x_wconf 90' lang='lat' dir='ltr'><strong>nec</strong></span> <span class='ocrx_word' id='word_1_67' title='bbox 1087 1570 1400 1620; x_wconf 85' lang='lat' dir='ltr'><strong>conveniunt</strong></span> <span class='ocrx_word' id='word_1_68' title='bbox 1433 1572 1520 1620; x_wconf 84' lang='lat' dir='ltr'><strong>vel</strong></span> 
     </span>
     <span class='ocr_line' id='line_1_16' title="bbox 449 1641 1521 1710; baseline 0.004 -17"><span class='ocrx_word' id='word_1_69' title='bbox 449 1641 540 1693; x_wconf 87' lang='lat' dir='ltr'><strong>illa</strong></span> <span class='ocrx_word' id='word_1_70' title='bbox 560 1649 825 1706; x_wconf 82' lang='lat' dir='ltr'><strong>postrema</strong></span> <span class='ocrx_word' id='word_1_71' title='bbox 859 1645 1078 1706; x_wconf 86' lang='lat' dir='ltr'><strong>verba,</strong></span> <span class='ocrx_word' id='word_1_72' title='bbox 1058 1661 1111 1694; x_wconf 78' lang='grc' dir='ltr'><strong>ιιι</strong></span> <span class='ocrx_word' id='word_1_73' title='bbox 1131 1646 1328 1710; x_wconf 79' lang='lat' dir='ltr'><strong>speciem</strong></span> <span class='ocrx_word' id='word_1_74' title='bbox 1349 1663 1404 1696; x_wconf 79' lang='lat' dir='ltr'><strong>ac</strong></span> <span class='ocrx_word' id='word_1_75' title='bbox 1424 1653 1521 1697; x_wconf 83' lang='lat' dir='ltr'><strong>ter-</strong></span> 
     </span>
     <span class='ocr_line' id='line_1_17' title="bbox 450 1712 1521 1788; baseline 0.002 -17"><span class='ocrx_word' id='word_1_76' title='bbox 450 1732 622 1771; x_wconf 71' lang='lat' dir='ltr'><strong>rorem.</strong></span> <span class='ocrx_word' id='word_1_77' title='bbox 688 1712 801 1768; x_wconf 86' lang='lat' dir='ltr'><strong>Sed</strong></span> <span class='ocrx_word' id='word_1_78' title='bbox 828 1726 887 1770; x_wconf 88' lang='lat' dir='ltr'><strong>tu</strong></span> <span class='ocrx_word' id='word_1_79' title='bbox 921 1720 1113 1770; x_wconf 77' lang='grc' dir='ltr'><strong>τελείαν</strong></span> <span class='ocrx_word' id='word_1_80' title='bbox 1142 1722 1350 1784; x_wconf 69' lang='grc' dir='ltr'><strong>στιγμὴν</strong></span> <span class='ocrx_word' id='word_1_81' title='bbox 1381 1736 1521 1788; x_wconf 75' lang='lat' dir='ltr'><strong>pone</strong></span> 
     </span>
     <span class='ocr_line' id='line_1_18' title="bbox 451 1798 1523 1864; baseline 0.007 -21"><span class='ocrx_word' id='word_1_82' title='bbox 451 1802 574 1859; x_wconf 85' lang='lat' dir='ltr'><strong>post</strong></span> <span class='ocrx_word' id='word_1_83' title='bbox 613 1810 791 1845; x_wconf 88' lang='lat' dir='ltr'><strong>vocem</strong></span> <span class='ocrx_word' id='word_1_84' title='bbox 829 1799 1001 1847; x_wconf 83' lang='lat' dir='ltr'><strong>remis.-</strong></span> <span class='ocrx_word' id='word_1_85' title='bbox 1048 1798 1239 1848; x_wconf 88' lang='lat' dir='ltr'><strong>deinde</strong></span> <span class='ocrx_word' id='word_1_86' title='bbox 1279 1813 1312 1848; x_wconf 85' lang='lat' dir='ltr'><strong>a</strong></span> <span class='ocrx_word' id='word_1_87' title='bbox 1349 1801 1523 1864; x_wconf 79' lang='lat' dir='ltr'><strong>capite</strong></span> 
     </span>
     <span class='ocr_line' id='line_1_19' title="bbox 454 1858 1522 1936; baseline 0.006 -15"><span class='ocrx_word' id='word_1_88' title='bbox 454 1872 644 1936; x_wconf 83' lang='lat' dir='ltr'><strong>scribe,</strong></span> <span class='ocrx_word' id='word_1_89' title='bbox 666 1858 980 1936; x_wconf 71' lang='lat' dir='ltr'><strong>Augebantur</strong></span> <span class='ocrx_word' id='word_1_90' title='bbox 1007 1877 1154 1925; x_wconf 78' lang='lat' dir='ltr'><strong>alacr.</strong></span> <span class='ocrx_word' id='word_1_91' title='bbox 1176 1877 1335 1929; x_wconf 81' lang='lat' dir='ltr'><strong>milit.</strong></span> <span class='ocrx_word' id='word_1_92' title='bbox 1390 1878 1522 1928; x_wconf 83' lang='lat' dir='ltr'><strong>Haec</strong></span> 
     </span>
     <span class='ocr_line' id='line_1_20' title="bbox 450 1950 1522 2016; baseline 0 -13"><span class='ocrx_word' id='word_1_93' title='bbox 450 1950 589 2003; x_wconf 76' lang='lat' dir='ltr'><strong>enim</strong></span> <span class='ocrx_word' id='word_1_94' title='bbox 632 1965 775 2000; x_wconf 83' lang='lat' dir='ltr'><strong>mens</strong></span> <span class='ocrx_word' id='word_1_95' title='bbox 815 1952 1009 2016; x_wconf 80' lang='lat' dir='ltr'><strong>Taciti,</strong></span> <span class='ocrx_word' id='word_1_96' title='bbox 1051 1953 1199 2002; x_wconf 88' lang='lat' dir='ltr'><strong>mille</strong></span> <span class='ocrx_word' id='word_1_97' title='bbox 1247 1969 1422 2016; x_wconf 87' lang='lat' dir='ltr'><strong>naves,</strong></span> <span class='ocrx_word' id='word_1_98' title='bbox 1462 1961 1522 2004; x_wconf 85' lang='lat' dir='ltr'><strong>ut</strong></span> 
     </span>
     <span class='ocr_line' id='line_1_21' title="bbox 448 2027 1522 2093; baseline 0.006 -18"><span class='ocrx_word' id='word_1_99' title='bbox 448 2028 745 2090; x_wconf 78' lang='lat' dir='ltr'><strong>praecessit,</strong></span> <span class='ocrx_word' id='word_1_100' title='bbox 762 2027 1002 2079; x_wconf 88' lang='lat' dir='ltr'><strong>sufficere</strong></span> <span class='ocrx_word' id='word_1_101' title='bbox 1026 2031 1181 2093; x_wconf 85' lang='lat' dir='ltr'><strong>visas,</strong></span> <span class='ocrx_word' id='word_1_102' title='bbox 1197 2031 1290 2081; x_wconf 87' lang='lat' dir='ltr'><strong>sed</strong></span> <span class='ocrx_word' id='word_1_103' title='bbox 1312 2038 1522 2081; x_wconf 84' lang='lat' dir='ltr'><strong>auctum</strong></span> 
     </span>
     <span class='ocr_line' id='line_1_22' title="bbox 449 2104 1521 2177; baseline 0.009 -25"><span class='ocrx_word' id='word_1_104' title='bbox 449 2104 586 2177; x_wconf 62' lang='lat' dir='ltr'><strong>bunc</strong></span> <span class='ocrx_word' id='word_1_105' title='bbox 607 2120 877 2157; x_wconf 88' lang='lat' dir='ltr'><strong>numerum</strong></span> <span class='ocrx_word' id='word_1_106' title='bbox 916 2110 1191 2169; x_wconf 75' lang='lat' dir='ltr'><strong>alacritate</strong></span> <span class='ocrx_word' id='word_1_107' title='bbox 1225 2113 1446 2165; x_wconf 86' lang='lat' dir='ltr'><strong>militum</strong></span> <span class='ocrx_word' id='word_1_108' title='bbox 1467 2113 1521 2162; x_wconf 89' lang='lat' dir='ltr'><strong>in</strong></span> 
     </span>
     <span class='ocr_line' id='line_1_23' title="bbox 450 2181 1522 2254; baseline 0.012 -26"><span class='ocrx_word' id='word_1_109' title='bbox 450 2181 681 2243; x_wconf 79' lang='lat' dir='ltr'><strong>speciem</strong></span> <span class='ocrx_word' id='word_1_110' title='bbox 705 2198 770 2233; x_wconf 85' lang='lat' dir='ltr'><strong>ac</strong></span> <span class='ocrx_word' id='word_1_111' title='bbox 794 2190 1064 2236; x_wconf 88' lang='lat' dir='ltr'><strong>terrorem.</strong></span> <span class='ocrx_word' id='word_1_112' title='bbox 1098 2189 1362 2240; x_wconf 71' lang='lat' dir='ltr'><strong>,Ac-idalius.</strong></span> <span class='ocrx_word' id='word_1_113' title='bbox 1412 2189 1522 2254; x_wconf 66' lang='lat' dir='ltr'><strong>Ap-⁸</strong></span> 
     </span>
     <span class='ocr_line' id='line_1_24' title="bbox 452 2256 1525 2325; baseline 0.011 -21"><span class='ocrx_word' id='word_1_114' title='bbox 452 2256 623 2319; x_wconf 81' lang='lat' dir='ltr'><strong>posite</strong></span> <span class='ocrx_word' id='word_1_115' title='bbox 643 2258 851 2322; x_wconf 85' lang='lat' dir='ltr'><strong>quidem</strong></span> <span class='ocrx_word' id='word_1_116' title='bbox 875 2261 1129 2325; x_wconf 72' lang='lat' dir='ltr'><strong>Faernus,</strong></span> <span class='ocrx_word' id='word_1_117' title='bbox 1144 2265 1300 2315; x_wconf 85' lang='lat' dir='ltr'><strong>litera</strong></span> <span class='ocrx_word' id='word_1_118' title='bbox 1320 2264 1525 2315; x_wconf 86' lang='lat' dir='ltr'><strong>detrac-</strong></span> 
     </span>
     <span class='ocr_line' id='line_1_25' title="bbox 452 2334 1523 2407; baseline 0.011 -25"><span class='ocrx_word' id='word_1_119' title='bbox 452 2339 527 2396; x_wconf 82' lang='lat' dir='ltr'><strong>ta,</strong></span> <span class='ocrx_word' id='word_1_120' title='bbox 568 2334 863 2397; x_wconf 65' lang='lat' dir='ltr'><strong>agebantur,-</strong></span> <span class='ocrx_word' id='word_1_121' title='bbox 917 2336 1012 2391; x_wconf 82' lang='lat' dir='ltr'><strong>sed</strong></span> <span class='ocrx_word' id='word_1_122' title='bbox 1047 2339 1228 2391; x_wconf 85' lang='lat' dir='ltr'><strong>nescio</strong></span> <span class='ocrx_word' id='word_1_123' title='bbox 1266 2341 1523 2407; x_wconf 78' lang='lat' dir='ltr'><strong>quomodo</strong></span> 
     </span>
     <span class='ocr_line' id='line_1_26' title="bbox 449 2411 1523 2481; baseline 0.007 -18"><span class='ocrx_word' id='word_1_124' title='bbox 449 2411 612 2474; x_wconf 81' lang='lat' dir='ltr'><strong>magis</strong></span> <span class='ocrx_word' id='word_1_125' title='bbox 635 2414 866 2471; x_wconf 72' lang='lat' dir='ltr'><strong>arrideat</strong></span> <span class='ocrx_word' id='word_1_126' title='bbox 900 2415 1061 2475; x_wconf 79' lang='lat' dir='ltr'><strong>lectio</strong></span> <span class='ocrx_word' id='word_1_127' title='bbox 1090 2418 1325 2481; x_wconf 85' lang='lat' dir='ltr'><strong>vulgata,</strong></span> <span class='ocrx_word' id='word_1_128' title='bbox 1346 2426 1523 2479; x_wconf 66' lang='lat' dir='ltr'><strong>vetus·</strong></span> 
     </span>
    </p>
   </div>
   <div class='ocr_carea' id='block_1_3' title="bbox 356 2490 1524 2555">
    <p class='ocr_par' dir='ltr' id='par_1_5' title="bbox 356 2490 1524 2555">
     <span class='ocr_line' id='line_1_27' title="bbox 356 2490 1524 2555; baseline 0.009 -19"><span class='ocrx_word' id='word_1_129' title='bbox 356 2544 365 2551; x_wconf 51' lang='lat'>‚</span> <span class='ocrx_word' id='word_1_130' title='bbox 451 2495 561 2538; x_wconf 81' lang='lat' dir='ltr'><strong>tate</strong></span> <span class='ocrx_word' id='word_1_131' title='bbox 572 2490 793 2553; x_wconf 83' lang='lat' dir='ltr'><strong>quadam</strong></span> <span class='ocrx_word' id='word_1_132' title='bbox 810 2493 1101 2555; x_wconf 77' lang='lat' dir='ltr'><strong>peregriua.</strong></span> <span class='ocrx_word' id='word_1_133' title='bbox 1123 2494 1380 2546; x_wconf 71' lang='lat' dir='ltr'><strong>Gruterus.</strong></span> <span class='ocrx_word' id='word_1_134' title='bbox 1408 2496 1524 2546; x_wconf 78' lang='lat' dir='ltr'><strong>Ter·</strong></span> 
     </span>
    </p>
   </div>
   <div class='ocr_carea' id='block_1_4' title="bbox 412 2569 1527 3460">
    <p class='ocr_par' dir='ltr' id='par_1_6' title="bbox 412 2569 1527 3080">
     <span class='ocr_line' id='line_1_28' title="bbox 412 2569 1525 2634; baseline 0.009 -21"><span class='ocrx_word' id='word_1_135' title='bbox 412 2586 417 2591; x_wconf 61' lang='grc'><strong><em>’</em></strong></span> <span class='ocrx_word' id='word_1_136' title='bbox 449 2579 602 2627; x_wconf 75' lang='lat' dir='ltr'><strong>rcrern</strong></span> <span class='ocrx_word' id='word_1_137' title='bbox 623 2580 726 2616; x_wconf 87' lang='lat' dir='ltr'><strong>non</strong></span> <span class='ocrx_word' id='word_1_138' title='bbox 748 2574 853 2617; x_wconf 86' lang='lat' dir='ltr'><strong>tam</strong></span> <span class='ocrx_word' id='word_1_139' title='bbox 872 2569 936 2618; x_wconf 85' lang='lat' dir='ltr'><strong>ad</strong></span> <span class='ocrx_word' id='word_1_140' title='bbox 959 2569 1137 2620; x_wconf 86' lang='lat' dir='ltr'><strong>hostes</strong></span> <span class='ocrx_word' id='word_1_141' title='bbox 1154 2572 1420 2634; x_wconf 85' lang='lat' dir='ltr'><strong>pertinere</strong></span> <span class='ocrx_word' id='word_1_142' title='bbox 1445 2587 1525 2622; x_wconf 88' lang='lat' dir='ltr'><strong>ar-</strong></span> 
     </span>
     <span class='ocr_line' id='line_1_29' title="bbox 448 2641 1523 2713; baseline 0.01 -23"><span class='ocrx_word' id='word_1_143' title='bbox 448 2641 634 2708; x_wconf 84' lang='lat' dir='ltr'><strong>bitror,</strong></span> <span class='ocrx_word' id='word_1_144' title='bbox 652 2658 806 2708; x_wconf 77' lang='lat' dir='ltr'><strong>quam</strong></span> <span class='ocrx_word' id='word_1_145' title='bbox 828 2645 891 2694; x_wconf 89' lang='lat' dir='ltr'><strong>ad</strong></span> <span class='ocrx_word' id='word_1_146' title='bbox 914 2661 1279 2713; x_wconf 80' lang='lat' dir='ltr'><strong>quemcunque</strong></span> <span class='ocrx_word' id='word_1_147' title='bbox 1314 2658 1523 2713; x_wconf 83' lang='lat' dir='ltr'><strong>specta-</strong></span> 
     </span>
     <span class='ocr_line' id='line_1_30' title="bbox 449 2721 1524 2789; baseline 0.01 -23"><span class='ocrx_word' id='word_1_148' title='bbox 449 2724 642 2786; x_wconf 78' lang='lat' dir='ltr'><strong>torem:</strong></span> <span class='ocrx_word' id='word_1_149' title='bbox 680 2727 773 2770; x_wconf 88' lang='lat' dir='ltr'><strong>aut</strong></span> <span class='ocrx_word' id='word_1_150' title='bbox 804 2721 849 2770; x_wconf 88' lang='lat' dir='ltr'><strong>si</strong></span> <span class='ocrx_word' id='word_1_151' title='bbox 889 2721 955 2771; x_wconf 86' lang='lat' dir='ltr'><strong>ad</strong></span> <span class='ocrx_word' id='word_1_152' title='bbox 994 2723 1169 2773; x_wconf 80' lang='lat' dir='ltr'><strong>hostes</strong></span> <span class='ocrx_word' id='word_1_153' title='bbox 1203 2723 1422 2789; x_wconf 68' lang='lat' dir='ltr'><strong>referas»,</strong></span> <span class='ocrx_word' id='word_1_154' title='bbox 1455 2726 1524 2778; x_wconf 89' lang='lat' dir='ltr'><strong>de</strong></span> 
     </span>
     <span class='ocr_line' id='line_1_31' title="bbox 451 2794 1525 2865; baseline 0.007 -20"><span class='ocrx_word' id='word_1_155' title='bbox 451 2794 691 2857; x_wconf 61' lang='lat' dir='ltr'><strong>sequenti</strong></span> <span class='ocrx_word' id='word_1_156' title='bbox 714 2800 951 2860; x_wconf 88' lang='lat' dir='ltr'><strong>tempore</strong></span> <span class='ocrx_word' id='word_1_157' title='bbox 975 2798 1229 2862; x_wconf 84' lang='lat' dir='ltr'><strong>accipies:</strong></span> <span class='ocrx_word' id='word_1_158' title='bbox 1265 2802 1525 2865; x_wconf 87' lang='lat' dir='ltr'><strong>quomodo</strong></span> 
     </span>
     <span class='ocr_line' id='line_1_32' title="bbox 448 2869 1527 2935; baseline 0.011 -17"><span class='ocrx_word' id='word_1_159' title='bbox 448 2869 598 2935; x_wconf 84' lang='lat' dir='ltr'><strong>Virg.</strong></span> <span class='ocrx_word' id='word_1_160' title='bbox 623 2871 736 2921; x_wconf 83' lang='lat' dir='ltr'><strong>AEn.</strong></span> <span class='ocrx_word' id='word_1_161' title='bbox 761 2886 884 2923; x_wconf 72' lang='lat' dir='ltr'><strong>vm.</strong></span> <span class='ocrx_word' id='word_1_162' title='bbox 907 2878 1022 2923; x_wconf 83' lang='lat'><strong>620.</strong></span> <span class='ocrx_word' id='word_1_163' title='bbox 1057 2876 1073 2904; x_wconf 89' lang='lat'>‘</span> <span class='ocrx_word' id='word_1_164' title='bbox 1096 2877 1383 2931; x_wconf 79' lang='lat' dir='ltr'><strong>terribilem</strong></span> <span class='ocrx_word' id='word_1_165' title='bbox 1403 2880 1527 2930; x_wconf 82' lang='lat' dir='ltr'><strong>cris-</strong></span> 
     </span>
     <span class='ocr_line' id='line_1_33' title="bbox 450 2948 1523 3015; baseline 0.007 -17"><span class='ocrx_word' id='word_1_166' title='bbox 450 2948 520 2999; x_wconf 72' lang='lat' dir='ltr'><strong>tis</strong></span> <span class='ocrx_word' id='word_1_167' title='bbox 555 2948 770 3010; x_wconf 77' lang='lat' dir='ltr'><strong>galeam’</strong></span> <span class='ocrx_word' id='word_1_168' title='bbox 801 2956 976 3009; x_wconf 84' lang='lat' dir='ltr'><strong>vocat,</strong></span> <span class='ocrx_word' id='word_1_169' title='bbox 997 2965 1149 3015; x_wconf 83' lang='lat' dir='ltr'><strong>quam</strong></span> <span class='ocrx_word' id='word_1_170' title='bbox 1184 2953 1411 3005; x_wconf 88' lang='lat' dir='ltr'><strong>nondum</strong></span> <span class='ocrx_word' id='word_1_171' title='bbox 1449 2956 1523 3005; x_wconf 84' lang='lat' dir='ltr'><strong>vi·</strong></span> 
     </span>
     <span class='ocr_line' id='line_1_34' title="bbox 453 3023 1293 3080; baseline 0.01 -8"><span class='ocrx_word' id='word_1_172' title='bbox 453 3023 643 3074; x_wconf 80' lang='lat' dir='ltr'><strong>derant</strong></span> <span class='ocrx_word' id='word_1_173' title='bbox 665 3024 860 3075; x_wconf 75' lang='lat' dir='ltr'><strong>hosteS.</strong></span> <span class='ocrx_word' id='word_1_174' title='bbox 926 3027 1293 3080; x_wconf 68' lang='lat' dir='ltr'><strong>Freinshemius.</strong></span> 
     </span>
    </p>

    <p class='ocr_par' dir='ltr' id='par_1_7' title="bbox 449 3100 1523 3460">
     <span class='ocr_line' id='line_1_35' title="bbox 516 3100 1523 3168; baseline 0.01 -18"><span class='ocrx_word' id='word_1_175' title='bbox 516 3100 684 3159; x_wconf 72' lang='lat' dir='ltr'><strong>Insula</strong></span> <span class='ocrx_word' id='word_1_176' title='bbox 706 3103 1027 3168; x_wconf 71' lang='lat' dir='ltr'><strong>Batavorum]</strong></span> <span class='ocrx_word' id='word_1_177' title='bbox 1060 3105 1212 3157; x_wconf 81' lang='lat' dir='ltr'><strong>Quod</strong></span> <span class='ocrx_word' id='word_1_178' title='bbox 1248 3122 1435 3159; x_wconf 86' lang='lat' dir='ltr'><strong>nomen</strong></span> <span class='ocrx_word' id='word_1_179' title='bbox 1468 3125 1523 3160; x_wconf 88' lang='lat' dir='ltr'><strong>e-</strong></span> 
     </span>
     <span class='ocr_line' id='line_1_36' title="bbox 452 3177 1522 3248; baseline 0.009 -22"><span class='ocrx_word' id='word_1_180' title='bbox 452 3177 582 3227; x_wconf 81' lang='lat' dir='ltr'><strong>tiam</strong></span> <span class='ocrx_word' id='word_1_181' title='bbox 607 3191 743 3228; x_wconf 86' lang='lat' dir='ltr'><strong>nunc</strong></span> <span class='ocrx_word' id='word_1_182' title='bbox 779 3179 831 3228; x_wconf 86' lang='lat' dir='ltr'><strong>in</strong></span> <span class='ocrx_word' id='word_1_183' title='bbox 868 3182 1138 3244; x_wconf 70' lang='lat' dir='ltr'><strong>superiore</strong></span> <span class='ocrx_word' id='word_1_184' title='bbox 1163 3181 1346 3234; x_wconf 79' lang='lat' dir='ltr'><strong>insulae</strong></span> <span class='ocrx_word' id='word_1_185' title='bbox 1370 3193 1522 3248; x_wconf 81' lang='lat' dir='ltr'><strong>parte</strong></span> 
     </span>
     <span class='ocr_line' id='line_1_37' title="bbox 450 3253 1521 3323; baseline 0.009 -21"><span class='ocrx_word' id='word_1_186' title='bbox 450 3253 638 3323; x_wconf 66' lang='lat' dir='ltr'><strong>durat:</strong></span> <span class='ocrx_word' id='word_1_187' title='bbox 676 3263 894 3305; x_wconf 81' lang='lat' dir='ltr'><strong>vocatur</strong></span> <span class='ocrx_word' id='word_1_188' title='bbox 928 3256 1123 3321; x_wconf 88' lang='lat' dir='ltr'><strong>quippe</strong></span> <span class='ocrx_word' id='word_1_189' title='bbox 1144 3257 1323 3309; x_wconf 88' lang='lat' dir='ltr'><strong>incolis</strong></span> <span class='ocrx_word' id='word_1_190' title='bbox 1345 3263 1403 3310; x_wconf 81' lang='lat' dir='ltr'><strong>de</strong></span> <span class='ocrx_word' id='word_1_191' title='bbox 1422 3263 1521 3313; x_wconf 82' lang='lat' dir='ltr'><strong>Be-</strong></span> 
     </span>
     <span class='ocr_line' id='line_1_38' title="bbox 449 3331 1520 3390; baseline 0.009 -10"><span class='ocrx_word' id='word_1_192' title='bbox 449 3336 581 3381; x_wconf 78' lang='lat' dir='ltr'><strong>tauw</strong></span> <span class='ocrx_word' id='word_1_193' title='bbox 603 3331 712 3382; x_wconf 87' lang='lat' dir='ltr'><strong>sive</strong></span> <span class='ocrx_word' id='word_1_194' title='bbox 738 3332 937 3382; x_wconf 78' lang='lat' dir='ltr'><strong>Betouw</strong></span> <span class='ocrx_word' id='word_1_195' title='bbox 954 3340 1010 3383; x_wconf 92' lang='lat' dir='ltr'><strong>et</strong></span> <span class='ocrx_word' id='word_1_196' title='bbox 1032 3335 1269 3386; x_wconf 87' lang='lat' dir='ltr'><strong>variante</strong></span> <span class='ocrx_word' id='word_1_197' title='bbox 1293 3336 1520 3390; x_wconf 86' lang='lat' dir='ltr'><strong>dialecto</strong></span> 
     </span>
     <span class='ocr_line' id='line_1_39' title="bbox 449 3408 1024 3460; baseline 0.005 -3"><span class='ocrx_word' id='word_1_198' title='bbox 449 3408 671 3459; x_wconf 74' lang='lat' dir='ltr'><strong>Betnwe.</strong></span> <span class='ocrx_word' id='word_1_199' title='bbox 740 3409 1024 3460; x_wconf 80' lang='lat' dir='ltr'><strong>Cluverius.</strong></span> 
     </span>
    </p>
   </div>
   <div class='ocr_carea' id='block_1_5' title="bbox 488 3484 1540 3554">
    <p class='ocr_par' dir='ltr' id='par_1_8' title="bbox 488 3484 1540 3554">
     <span class='ocr_line' id='line_1_40' title="bbox 488 3484 1540 3554; baseline 0.01 -23"><span class='ocrx_word' id='word_1_200' title='bbox 488 3484 906 3549; x_wconf 60' lang='lat' dir='ltr'><strong>-.Accipiendaeque</strong></span> <span class='ocrx_word' id='word_1_201' title='bbox 943 3487 1111 3553; x_wconf 83' lang='lat' dir='ltr'><strong>copiis]</strong></span> <span class='ocrx_word' id='word_1_202' title='bbox 1162 3488 1219 3539; x_wconf 90' lang='lat' dir='ltr'><strong>Si</strong></span> <span class='ocrx_word' id='word_1_203' title='bbox 1263 3503 1367 3554; x_wconf 73' lang='lat' dir='ltr'><strong>qua</strong></span> <span class='ocrx_word' id='word_1_204' title='bbox 1418 3489 1540 3541; x_wconf 79' lang='lat' dir='ltr'><strong>alia&#39;</strong></span> 
     </span>
    </p>
   </div>
   <div class='ocr_carea' id='block_1_6' title="bbox 446 3558 1524 4408">
    <p class='ocr_par' dir='ltr' id='par_1_9' title="bbox 446 3558 1524 4408">
     <span class='ocr_line' id='line_1_41' title="bbox 450 3558 1454 3629; baseline 0.005 -18"><span class='ocrx_word' id='word_1_205' title='bbox 450 3558 638 3623; x_wconf 79' lang='lat' dir='ltr'><strong>insula,</strong></span> <span class='ocrx_word' id='word_1_206' title='bbox 659 3563 711 3611; x_wconf 88' lang='lat' dir='ltr'><strong>in</strong></span> <span class='ocrx_word' id='word_1_207' title='bbox 736 3563 832 3612; x_wconf 84' lang='lat' dir='ltr'><strong>bac</strong></span> <span class='ocrx_word' id='word_1_208' title='bbox 855 3564 1032 3613; x_wconf 86' lang='lat' dir='ltr'><strong>mundi</strong></span> <span class='ocrx_word' id='word_1_209' title='bbox 1055 3564 1181 3629; x_wconf 85' lang='lat' dir='ltr'><strong>pila.</strong></span> <span class='ocrx_word' id='word_1_210' title='bbox 1245 3566 1454 3629; x_wconf 78' lang='lat' dir='ltr'><strong>Lipsius.</strong></span> 
     </span>
     <span class='ocr_line' id='line_1_42' title="bbox 521 3638 1520 3708; baseline 0.008 -22"><span class='ocrx_word' id='word_1_211' title='bbox 521 3638 955 3689; x_wconf 72' lang='lat' dir='ltr'><strong>Transmittendum</strong></span> <span class='ocrx_word' id='word_1_212' title='bbox 968 3642 1032 3690; x_wconf 78' lang='lat' dir='ltr'><strong>ad</strong></span> <span class='ocrx_word' id='word_1_213' title='bbox 1050 3643 1220 3692; x_wconf 75' lang='lat' dir='ltr'><strong>bellum</strong></span> <span class='ocrx_word' id='word_1_214' title='bbox 1236 3643 1520 3708; x_wconf 77' lang='lat' dir='ltr'><strong>opportuna]</strong></span> 
     </span>
     <span class='ocr_line' id='line_1_43' title="bbox 450 3714 1522 3781; baseline 0.005 -17"><span class='ocrx_word' id='word_1_215' title='bbox 450 3714 612 3778; x_wconf 81' lang='lat' dir='ltr'><strong>Lego,</strong></span> <span class='ocrx_word' id='word_1_216' title='bbox 646 3716 1013 3779; x_wconf 71' lang='lat' dir='ltr'><strong>accipiendisque</strong></span> <span class='ocrx_word' id='word_1_217' title='bbox 1041 3718 1188 3781; x_wconf 83' lang='lat' dir='ltr'><strong>copiis</strong></span> <span class='ocrx_word' id='word_1_218' title='bbox 1207 3723 1255 3768; x_wconf 85' lang='lat' dir='ltr'><strong>et</strong></span> <span class='ocrx_word' id='word_1_219' title='bbox 1275 3720 1522 3769; x_wconf 78' lang='lat' dir='ltr'><strong>transmit-</strong></span> 
     </span>
     <span class='ocr_line' id='line_1_44' title="bbox 446 3791 1520 3857; baseline 0.007 -17"><span class='ocrx_word' id='word_1_220' title='bbox 446 3793 621 3851; x_wconf 81' lang='lat' dir='ltr'><strong>tendis,</strong></span> <span class='ocrx_word' id='word_1_221' title='bbox 641 3793 702 3841; x_wconf 81' lang='lat' dir='ltr'><strong>ad</strong></span> <span class='ocrx_word' id='word_1_222' title='bbox 722 3791 892 3842; x_wconf 74' lang='lat' dir='ltr'><strong>bellam</strong></span> <span class='ocrx_word' id='word_1_223' title='bbox 909 3798 1184 3857; x_wconf 80' lang='lat' dir='ltr'><strong>opportuna.</strong></span> <span class='ocrx_word' id='word_1_224' title='bbox 1230 3793 1520 3848; x_wconf 85' lang='lat' dir='ltr'><strong>Acidalius.</strong></span> 
     </span>
     <span class='ocr_line' id='line_1_45' title="bbox 451 3867 1520 3934; baseline 0.007 -17"><span class='ocrx_word' id='word_1_225' title='bbox 451 3867 758 3930; x_wconf 85' lang='lat' dir='ltr'><strong>Corrumpit</strong></span> <span class='ocrx_word' id='word_1_226' title='bbox 769 3883 878 3919; x_wconf 89' lang='lat' dir='ltr'><strong>rem</strong></span> <span class='ocrx_word' id='word_1_227' title='bbox 888 3869 1340 3934; x_wconf 77' lang='lat' dir='ltr'><strong>elegantissimam.</strong></span> <span class='ocrx_word' id='word_1_228' title='bbox 1360 3871 1520 3925; x_wconf 87' lang='lat' dir='ltr'><strong>Ovid.</strong></span> 
     </span>
     <span class='ocr_line' id='line_1_46' title="bbox 841 3946 1522 4001; baseline 0.009 -6"><span class='ocrx_word' id='word_1_229' title='bbox 841 3948 856 3974; x_wconf 89' lang='lat'>‘</span> <span class='ocrx_word' id='word_1_230' title='bbox 881 3946 1165 3998; x_wconf 86' lang='lat' dir='ltr'><strong>Permanet</strong></span> <span class='ocrx_word' id='word_1_231' title='bbox 1197 3948 1377 4001; x_wconf 84' lang='lat' dir='ltr'><strong>Aoniis</strong></span> <span class='ocrx_word' id='word_1_232' title='bbox 1413 3952 1522 4001; x_wconf 88' lang='lat' dir='ltr'><strong>Ne-</strong></span> 
     </span>
     <span class='ocr_line' id='line_1_47' title="bbox 447 4024 1522 4093; baseline 0.005 -18"><span class='ocrx_word' id='word_1_233' title='bbox 447 4036 568 4075; x_wconf 74' lang='lat' dir='ltr'><strong>reus</strong></span> <span class='ocrx_word' id='word_1_234' title='bbox 592 4024 843 4076; x_wconf 85' lang='lat' dir='ltr'><strong>violentus</strong></span> <span class='ocrx_word' id='word_1_235' title='bbox 867 4026 920 4075; x_wconf 88' lang='lat' dir='ltr'><strong>in</strong></span> <span class='ocrx_word' id='word_1_236' title='bbox 944 4026 1114 4089; x_wconf 86' lang='lat' dir='ltr'><strong>undis,</strong></span> <span class='ocrx_word' id='word_1_237' title='bbox 1142 4027 1398 4093; x_wconf 77' lang='lat' dir='ltr'><strong>Bellaque</strong></span> <span class='ocrx_word' id='word_1_238' title='bbox 1419 4044 1522 4080; x_wconf 85' lang='lat' dir='ltr'><strong>non</strong></span> 
     </span>
     <span class='ocr_line' id='line_1_48' title="bbox 449 4098 1522 4167; baseline 0.007 -20"><span class='ocrx_word' id='word_1_239' title='bbox 449 4098 734 4149; x_wconf 84' lang='lat' dir='ltr'><strong>transfert.’</strong></span> <span class='ocrx_word' id='word_1_240' title='bbox 803 4102 989 4167; x_wconf 87' lang='lat' dir='ltr'><strong>Neque</strong></span> <span class='ocrx_word' id='word_1_241' title='bbox 1025 4103 1164 4152; x_wconf 90' lang='lat' dir='ltr'><strong>enim</strong></span> <span class='ocrx_word' id='word_1_242' title='bbox 1191 4101 1293 4154; x_wconf 80' lang='lat' dir='ltr'><strong>boc</strong></span> <span class='ocrx_word' id='word_1_243' title='bbox 1314 4112 1522 4155; x_wconf 83' lang='lat' dir='ltr'><strong>mutare</strong></span> 
     </span>
     <span class='ocr_line' id='line_1_49' title="bbox 451 4172 1522 4249; baseline 0.008 -27"><span class='ocrx_word' id='word_1_244' title='bbox 451 4172 635 4223; x_wconf 80' lang='lat' dir='ltr'><strong>ausim.</strong></span> <span class='ocrx_word' id='word_1_245' title='bbox 680 4174 902 4226; x_wconf 46' lang='lat' dir='ltr'><strong>«Plinius</strong></span> <span class='ocrx_word' id='word_1_246' title='bbox 944 4177 999 4226; x_wconf 89' lang='lat' dir='ltr'><strong>in</strong></span> <span class='ocrx_word' id='word_1_247' title='bbox 1039 4179 1305 4244; x_wconf 79' lang='lat' dir='ltr'><strong>Panegyr.</strong></span> <span class='ocrx_word' id='word_1_248' title='bbox 1339 4185 1355 4209; x_wconf 88' lang='lat'>‘</span> <span class='ocrx_word' id='word_1_249' title='bbox 1391 4181 1522 4249; x_wconf 79' lang='lat' dir='ltr'><strong>Cum</strong></span> 
     </span>
     <span class='ocr_line' id='line_1_50' title="bbox 450 4250 1524 4320; baseline 0.008 -21"><span class='ocrx_word' id='word_1_250' title='bbox 450 4250 724 4301; x_wconf 81' lang='lat' dir='ltr'><strong>Danubius</strong></span> <span class='ocrx_word' id='word_1_251' title='bbox 745 4252 883 4316; x_wconf 85' lang='lat' dir='ltr'><strong>ripas</strong></span> <span class='ocrx_word' id='word_1_252' title='bbox 904 4255 1024 4319; x_wconf 80' lang='lat' dir='ltr'><strong>gelu</strong></span> <span class='ocrx_word' id='word_1_253' title='bbox 1052 4256 1254 4320; x_wconf 78' lang='lat' dir='ltr'><strong>jungit,</strong></span> <span class='ocrx_word' id='word_1_254' title='bbox 1289 4256 1524 4310; x_wconf 86' lang='lat' dir='ltr'><strong>duratus-</strong></span> 
     </span>
     <span class='ocr_line' id='line_1_51' title="bbox 451 4328 1522 4408; baseline 0.012 -32"><span class='ocrx_word' id='word_1_255' title='bbox 451 4341 551 4395; x_wconf 86' lang='lat' dir='ltr'><strong>que</strong></span> <span class='ocrx_word' id='word_1_256' title='bbox 576 4328 742 4397; x_wconf 76' lang='lat' dir='ltr'><strong>glacie</strong></span> <span class='ocrx_word' id='word_1_257' title='bbox 762 4328 997 4399; x_wconf 77' lang='lat' dir='ltr'><strong>ingentia</strong></span> <span class='ocrx_word' id='word_1_258' title='bbox 1016 4331 1178 4397; x_wconf 80' lang='lat' dir='ltr'><strong>tergis</strong></span> <span class='ocrx_word' id='word_1_259' title='bbox 1197 4332 1334 4387; x_wconf 81' lang='lat' dir='ltr'><strong>bella</strong></span> <span class='ocrx_word' id='word_1_260' title='bbox 1357 4342 1522 4408; x_wconf 63' lang='lat' dir='ltr'><strong>transg</strong></span> 
     </span>
    </p>
   </div>
   <div class='ocr_carea' id='block_1_7' title="bbox 357 4718 481 4871">
    <p class='ocr_par' dir='ltr' id='par_1_10' title="bbox 357 4718 481 4871">
     <span class='ocr_line' id='line_1_52' title="bbox 357 4718 481 4871; baseline 0 0"><span class='ocrx_word' id='word_1_261' title='bbox 357 4718 481 4871; x_wconf 72' lang='grc' dir='ltr'>Ι</span> 
     </span>
    </p>
   </div>
   <div class='ocr_carea' id='block_1_8' title="bbox 481 4864 482 4870">
    <p class='ocr_par' dir='ltr' id='par_1_11' title="bbox 481 4864 482 4870">
     <span class='ocr_line' id='line_1_53' title="bbox 481 4864 482 4870; baseline 0 0"><span class='ocrx_word' id='word_1_262' title='bbox 481 4864 482 4870; x_wconf 95' lang='lat' dir='ltr'><strong> </strong></span> 
     </span>
    </p>
   </div>
   <div class='ocr_carea' id='block_1_9' title="bbox 1145 424 1947 487">
    <p class='ocr_par' dir='ltr' id='par_1_12' title="bbox 1145 424 1947 487">
     <span class='ocr_line' id='line_1_54' title="bbox 1145 424 1947 487; baseline 0 -12"><span class='ocrx_word' id='word_1_263' title='bbox 1145 425 1369 483; x_wconf 63' lang='lat' dir='ltr'><strong>1101*ss</strong></span> <span class='ocrx_word' id='word_1_264' title='bbox 1411 424 1506 487; x_wconf 70' lang='lat' dir='ltr'><strong>YA</strong></span> <span class='ocrx_word' id='word_1_265' title='bbox 1519 424 1596 477; x_wconf 65' lang='lat' dir='ltr'><strong>R!</strong></span> <span class='ocrx_word' id='word_1_266' title='bbox 1606 424 1820 475; x_wconf 79' lang='lat' dir='ltr'>ORUM</span> <span class='ocrx_word' id='word_1_267' title='bbox 1869 425 1947 476; x_wconf 75' lang='lat' dir='ltr'><strong>m</strong></span> 
     </span>
    </p>
   </div>
   <div class='ocr_carea' id='block_1_10' title="bbox 1555 536 2668 797">
    <p class='ocr_par' dir='ltr' id='par_1_13' title="bbox 1555 536 2668 789">
     <span class='ocr_line' id='line_1_55' title="bbox 1555 536 2162 641; baseline 0.005 -22.195"><span class='ocrx_word' id='word_1_268' title='bbox 1555 536 1806 641; x_wconf 37' lang='lat' dir='ltr'><strong>&#39;portatl</strong></span> <span class='ocrx_word' id='word_1_269' title='bbox 1875 570 2162 623; x_wconf 71' lang='lat' dir='ltr'><strong>Gronovius.</strong></span> 
     </span>
     <span class='ocr_line' id='line_1_56' title="bbox 1660 632 2668 712; baseline 0.002 -17"><span class='ocrx_word' id='word_1_270' title='bbox 1660 632 1826 697; x_wconf 75' lang='lat' dir='ltr'><strong>Mutat</strong></span> <span class='ocrx_word' id='word_1_271' title='bbox 1864 646 2007 697; x_wconf 74' lang='lat' dir='ltr'><strong>Mosa</strong></span> <span class='ocrx_word' id='word_1_272' title='bbox 2034 645 2276 712; x_wconf 71' lang='lat' dir='ltr'><strong>flusnine]</strong></span> <span class='ocrx_word' id='word_1_273' title='bbox 2311 645 2527 698; x_wconf 79' lang='lat' dir='ltr'><strong>Vahalis</strong></span> <span class='ocrx_word' id='word_1_274' title='bbox 2563 646 2668 698; x_wconf 82' lang='lat' dir='ltr'><strong>hoc</strong></span> 
     </span>
     <span class='ocr_line' id='line_1_57' title="bbox 1592 720 2666 797; baseline 0.005 -26"><span class='ocrx_word' id='word_1_275' title='bbox 1592 727 1828 786; x_wconf 86' lang='lat' dir='ltr'><strong>tempore</strong></span> <span class='ocrx_word' id='word_1_276' title='bbox 1843 720 2071 788; x_wconf 79' lang='lat' dir='ltr'><strong>praefert</strong></span> <span class='ocrx_word' id='word_1_277' title='bbox 2113 739 2297 774; x_wconf 86' lang='lat' dir='ltr'><strong>nomeu</strong></span> <span class='ocrx_word' id='word_1_278' title='bbox 2333 739 2478 773; x_wconf 83' lang='lat' dir='ltr'><strong>sunm</strong></span> <span class='ocrx_word' id='word_1_279' title='bbox 2499 738 2666 797; x_wconf 59' lang='lat' dir='ltr'><strong>usque⁴</strong></span> 
     </span>
    </p>
   </div>
   <div class='ocr_carea' id='block_1_11' title="bbox 1543 792 2665 865">
    <p class='ocr_par' dir='ltr' id='par_1_14' title="bbox 1543 792 2665 865">
     <span class='ocr_line' id='line_1_58' title="bbox 1543 792 2665 865; baseline 0.002 -18"><span class='ocrx_word' id='word_1_280' title='bbox 1543 792 1561 814; x_wconf 60' lang='lat'><strong>”⁴</strong></span> <span class='ocrx_word' id='word_1_281' title='bbox 1593 798 1657 848; x_wconf 87' lang='lat' dir='ltr'><strong>ad</strong></span> <span class='ocrx_word' id='word_1_282' title='bbox 1682 813 1855 849; x_wconf 78' lang='lat' dir='ltr'><strong>arcem</strong></span> <span class='ocrx_word' id='word_1_283' title='bbox 1878 798 2202 862; x_wconf 72' lang='lat' dir='ltr'><strong>Leuvenstein,</strong></span> <span class='ocrx_word' id='word_1_284' title='bbox 2222 814 2383 865; x_wconf 86' lang='lat' dir='ltr'><strong>prope</strong></span> <span class='ocrx_word' id='word_1_285' title='bbox 2416 801 2665 864; x_wconf 76' lang='lat' dir='ltr'><strong>Workom,</strong></span> 
     </span>
    </p>
   </div>
   <div class='ocr_carea' id='block_1_12' title="bbox 1591 873 2679 4401">
    <p class='ocr_par' dir='ltr' id='par_1_15' title="bbox 1591 873 2674 2846">
     <span class='ocr_line' id='line_1_59' title="bbox 1592 873 2668 939; baseline 0.002 -17"><span class='ocrx_word' id='word_1_286' title='bbox 1592 873 1683 923; x_wconf 91' lang='lat' dir='ltr'><strong>ubi</strong></span> <span class='ocrx_word' id='word_1_287' title='bbox 1723 875 1887 924; x_wconf 77' lang='lat' dir='ltr'><strong>Mosoe</strong></span> <span class='ocrx_word' id='word_1_288' title='bbox 1917 875 2134 939; x_wconf 85' lang='lat' dir='ltr'><strong>junctus</strong></span> <span class='ocrx_word' id='word_1_289' title='bbox 2172 877 2222 925; x_wconf 87' lang='lat' dir='ltr'><strong>in</strong></span> <span class='ocrx_word' id='word_1_290' title='bbox 2259 874 2413 938; x_wconf 81' lang='lat' dir='ltr'><strong>hujus</strong></span> <span class='ocrx_word' id='word_1_291' title='bbox 2447 875 2668 925; x_wconf 84' lang='lat' dir='ltr'><strong>vocabu·</strong></span> 
     </span>
     <span class='ocr_line' id='line_1_60' title="bbox 1591 949 2666 1019; baseline 0.004 -21"><span class='ocrx_word' id='word_1_292' title='bbox 1591 949 1696 1019; x_wconf 80' lang='lat' dir='ltr'><strong>lum</strong></span> <span class='ocrx_word' id='word_1_293' title='bbox 1723 951 1925 1001; x_wconf 78' lang='lat' dir='ltr'><strong>transit.</strong></span> <span class='ocrx_word' id='word_1_294' title='bbox 1972 952 2076 1001; x_wconf 88' lang='lat' dir='ltr'><strong>Sed</strong></span> <span class='ocrx_word' id='word_1_295' title='bbox 2101 952 2337 1017; x_wconf 87' lang='lat' dir='ltr'><strong>quoniam</strong></span> <span class='ocrx_word' id='word_1_296' title='bbox 2360 952 2466 1002; x_wconf 87' lang='lat' dir='ltr'><strong>illic</strong></span> <span class='ocrx_word' id='word_1_297' title='bbox 2486 951 2666 1002; x_wconf 81' lang='lat' dir='ltr'><strong>hodie-</strong></span> 
     </span>
     <span class='ocr_line' id='line_1_61' title="bbox 1592 1025 2664 1091; baseline 0.001 -16"><span class='ocrx_word' id='word_1_298' title='bbox 1592 1041 1693 1091; x_wconf 88' lang='lat' dir='ltr'><strong>que</strong></span> <span class='ocrx_word' id='word_1_299' title='bbox 1715 1027 1881 1077; x_wconf 68' lang='lat' dir='ltr'><strong>Novus</strong></span> <span class='ocrx_word' id='word_1_300' title='bbox 1907 1029 2047 1078; x_wconf 79' lang='lat' dir='ltr'><strong>Mosa</strong></span> <span class='ocrx_word' id='word_1_301' title='bbox 2069 1035 2309 1089; x_wconf 84' lang='lat' dir='ltr'><strong>vocatur,</strong></span> <span class='ocrx_word' id='word_1_302' title='bbox 2335 1025 2549 1077; x_wconf 85' lang='lat' dir='ltr'><strong>inferius</strong></span> <span class='ocrx_word' id='word_1_303' title='bbox 2574 1043 2664 1077; x_wconf 65' lang='lat' dir='ltr'><strong>au»-</strong></span> 
     </span>
     <span class='ocr_line' id='line_1_62' title="bbox 1594 1103 2664 1171; baseline 0.002 -19"><span class='ocrx_word' id='word_1_304' title='bbox 1594 1109 1698 1171; x_wconf 78' lang='lat' dir='ltr'><strong>tem</strong></span> <span class='ocrx_word' id='word_1_305' title='bbox 1731 1103 1874 1153; x_wconf 78' lang='lat' dir='ltr'><strong>Vetas</strong></span> <span class='ocrx_word' id='word_1_306' title='bbox 1916 1105 2098 1162; x_wconf 62' lang='lat' dir='ltr'><strong>Mosen,</strong></span> <span class='ocrx_word' id='word_1_307' title='bbox 2135 1104 2222 1153; x_wconf 87' lang='lat' dir='ltr'><strong>nbi</strong></span> <span class='ocrx_word' id='word_1_308' title='bbox 2261 1109 2318 1153; x_wconf 86' lang='lat' dir='ltr'><strong>et</strong></span> <span class='ocrx_word' id='word_1_309' title='bbox 2349 1103 2544 1154; x_wconf 68' lang='lat' dir='ltr'><strong>Vahalis</strong></span> <span class='ocrx_word' id='word_1_310' title='bbox 2572 1119 2664 1154; x_wconf 84' lang='lat' dir='ltr'><strong>no-</strong></span> 
     </span>
     <span class='ocr_line' id='line_1_63' title="bbox 1592 1179 2668 1243; baseline 0.001 -14"><span class='ocrx_word' id='word_1_311' title='bbox 1592 1194 1709 1229; x_wconf 90' lang='lat' dir='ltr'><strong>men</strong></span> <span class='ocrx_word' id='word_1_312' title='bbox 1733 1194 1908 1230; x_wconf 82' lang='lat' dir='ltr'><strong>rursus</strong></span> <span class='ocrx_word' id='word_1_313' title='bbox 1934 1188 2198 1230; x_wconf 86' lang='lat' dir='ltr'><strong>assumunt</strong></span> <span class='ocrx_word' id='word_1_314' title='bbox 2225 1193 2346 1243; x_wconf 86' lang='lat' dir='ltr'><strong>pars</strong></span> <span class='ocrx_word' id='word_1_315' title='bbox 2381 1179 2668 1231; x_wconf 84' lang='lat' dir='ltr'><strong>earundem</strong></span> 
     </span>
     <span class='ocr_line' id='line_1_64' title="bbox 1593 1244 2668 1322; baseline 0.002 -17"><span class='ocrx_word' id='word_1_316' title='bbox 1593 1271 1840 1322; x_wconf 86' lang='lat' dir='ltr'><strong>aquarum</strong></span> <span class='ocrx_word' id='word_1_317' title='bbox 1865 1257 2051 1306; x_wconf 83' lang='lat' dir='ltr'><strong>ilerum</strong></span> <span class='ocrx_word' id='word_1_318' title='bbox 2083 1256 2395 1318; x_wconf 85' lang='lat' dir='ltr'><strong>divisarum;</strong></span> <span class='ocrx_word' id='word_1_319' title='bbox 2428 1244 2668 1307; x_wconf 48' lang='lat' dir='ltr'><strong>credide:</strong></span> 
     </span>
     <span class='ocr_line' id='line_1_65' title="bbox 1592 1332 2669 1399; baseline 0 -17"><span class='ocrx_word' id='word_1_320' title='bbox 1592 1335 1689 1383; x_wconf 87' lang='lat' dir='ltr'><strong>rim</strong></span> <span class='ocrx_word' id='word_1_321' title='bbox 1712 1333 1933 1384; x_wconf 84' lang='lat' dir='ltr'><strong>Caesaris</strong></span> <span class='ocrx_word' id='word_1_322' title='bbox 1970 1348 2031 1382; x_wconf 88' lang='lat' dir='ltr'><strong>ac</strong></span> <span class='ocrx_word' id='word_1_323' title='bbox 2067 1334 2243 1383; x_wconf 85' lang='lat' dir='ltr'><strong>Taciti</strong></span> <span class='ocrx_word' id='word_1_324' title='bbox 2282 1333 2460 1399; x_wconf 73' lang='lat' dir='ltr'><strong>seculo</strong></span> <span class='ocrx_word' id='word_1_325' title='bbox 2496 1332 2669 1383; x_wconf 81' lang='lat' dir='ltr'><strong>omnia</strong></span> 
     </span>
     <span class='ocr_line' id='line_1_66' title="bbox 1592 1408 2668 1475; baseline 0.003 -17"><span class='ocrx_word' id='word_1_326' title='bbox 1592 1409 1763 1461; x_wconf 78' lang='lat' dir='ltr'><strong>inedia</strong></span> <span class='ocrx_word' id='word_1_327' title='bbox 1786 1419 1987 1475; x_wconf 86' lang='lat' dir='ltr'><strong>partem</strong></span> <span class='ocrx_word' id='word_1_328' title='bbox 2005 1411 2218 1461; x_wconf 82' lang='lat' dir='ltr'><strong>Vahalis</strong></span> <span class='ocrx_word' id='word_1_329' title='bbox 2239 1409 2427 1472; x_wconf 80' lang='lat' dir='ltr'><strong>fuisse3</strong></span> <span class='ocrx_word' id='word_1_330' title='bbox 2461 1408 2668 1461; x_wconf 68' lang='lat' dir='ltr'><strong>Mosam</strong></span> 
     </span>
     <span class='ocr_line' id='line_1_67' title="bbox 1594 1486 2664 1552; baseline 0.003 -18"><span class='ocrx_word' id='word_1_331' title='bbox 1594 1493 1769 1536; x_wconf 85' lang='lat' dir='ltr'><strong>autem</strong></span> <span class='ocrx_word' id='word_1_332' title='bbox 1792 1487 1967 1536; x_wconf 82' lang='lat' dir='ltr'><strong>statim</strong></span> <span class='ocrx_word' id='word_1_333' title='bbox 1991 1486 2057 1536; x_wconf 84' lang='lat' dir='ltr'><strong>ab</strong></span> <span class='ocrx_word' id='word_1_334' title='bbox 2087 1487 2281 1551; x_wconf 90' lang='lat' dir='ltr'><strong>oppido</strong></span> <span class='ocrx_word' id='word_1_335' title='bbox 2319 1487 2510 1551; x_wconf 74' lang='lat' dir='ltr'><strong>Megen</strong></span> <span class='ocrx_word' id='word_1_336' title='bbox 2534 1487 2664 1552; x_wconf 85' lang='lat' dir='ltr'><strong>(uon</strong></span> 
     </span>
     <span class='ocr_line' id='line_1_68' title="bbox 1595 1563 2670 1629; baseline 0.004 -18"><span class='ocrx_word' id='word_1_337' title='bbox 1595 1563 1920 1613; x_wconf 84' lang='lat' dir='ltr'><strong>commissum</strong></span> <span class='ocrx_word' id='word_1_338' title='bbox 1951 1563 2139 1613; x_wconf 76' lang='lat' dir='ltr'><strong>Vahali</strong></span> <span class='ocrx_word' id='word_1_339' title='bbox 2173 1563 2312 1629; x_wconf 84' lang='lat' dir='ltr'><strong>apud</strong></span> <span class='ocrx_word' id='word_1_340' title='bbox 2351 1573 2578 1614; x_wconf 78' lang='lat' dir='ltr'><strong>castrum</strong></span> <span class='ocrx_word' id='word_1_341' title='bbox 2617 1567 2670 1616; x_wconf 81' lang='lat' dir='ltr'><strong>S.</strong></span> 
     </span>
     <span class='ocr_line' id='line_1_69' title="bbox 1596 1637 2665 1713; baseline 0.001 -25"><span class='ocrx_word' id='word_1_342' title='bbox 1596 1637 1842 1701; x_wconf 70' lang='lat' dir='ltr'><strong>Andrea»,</strong></span> <span class='ocrx_word' id='word_1_343' title='bbox 1879 1653 1979 1689; x_wconf 87' lang='lat' dir='ltr'><strong>non</strong></span> <span class='ocrx_word' id='word_1_344' title='bbox 2019 1639 2158 1705; x_wconf 87' lang='lat' dir='ltr'><strong>apud</strong></span> <span class='ocrx_word' id='word_1_345' title='bbox 2200 1640 2441 1690; x_wconf 83' lang='lat' dir='ltr'><strong>Castrum</strong></span> <span class='ocrx_word' id='word_1_346' title='bbox 2471 1642 2665 1713; x_wconf 64' lang='lat' dir='ltr'><strong>Leonis</strong></span> 
     </span>
     <span class='ocr_line' id='line_1_70' title="bbox 1597 1713 2670 1767; baseline 0.004 -4"><span class='ocrx_word' id='word_1_347' title='bbox 1597 1722 1688 1765; x_wconf 87' lang='lat' dir='ltr'><strong>aut</strong></span> <span class='ocrx_word' id='word_1_348' title='bbox 1710 1715 1933 1765; x_wconf 67' lang='lat' dir='ltr'><strong>Laevini:</strong></span> <span class='ocrx_word' id='word_1_349' title='bbox 1969 1730 2087 1764; x_wconf 84' lang='lat' dir='ltr'><strong>nam</strong></span> <span class='ocrx_word' id='word_1_350' title='bbox 2105 1715 2183 1765; x_wconf 78' lang='lat' dir='ltr'><strong>hae</strong></span> <span class='ocrx_word' id='word_1_351' title='bbox 2204 1715 2320 1765; x_wconf 75' lang='lat' dir='ltr'><strong>duae</strong></span> <span class='ocrx_word' id='word_1_352' title='bbox 2337 1713 2491 1766; x_wconf 70' lang='lat' dir='ltr'><strong>fossae</strong></span> <span class='ocrx_word' id='word_1_353' title='bbox 2512 1717 2670 1767; x_wconf 86' lang='lat' dir='ltr'><strong>serio-</strong></span> 
     </span>
     <span class='ocr_line' id='line_1_71' title="bbox 1596 1791 2669 1857; baseline 0.002 -18"><span class='ocrx_word' id='word_1_354' title='bbox 1596 1791 1669 1840; x_wconf 85' lang='lat' dir='ltr'><strong>ris</strong></span> <span class='ocrx_word' id='word_1_355' title='bbox 1715 1791 1815 1841; x_wconf 78' lang='lat' dir='ltr'><strong>aevi</strong></span> <span class='ocrx_word' id='word_1_356' title='bbox 1857 1791 2126 1856; x_wconf 81' lang='lat' dir='ltr'><strong>videntur)</strong></span> <span class='ocrx_word' id='word_1_357' title='bbox 2167 1791 2526 1842; x_wconf 83' lang='lat' dir='ltr'><strong>decucurrisse</strong></span> <span class='ocrx_word' id='word_1_358' title='bbox 2573 1808 2669 1857; x_wconf 86' lang='lat' dir='ltr'><strong>per</strong></span> 
     </span>
     <span class='ocr_line' id='line_1_72' title="bbox 1598 1870 2669 1936; baseline 0.002 -17"><span class='ocrx_word' id='word_1_359' title='bbox 1598 1870 1802 1919; x_wconf 81' lang='lat' dir='ltr'><strong>alveum</strong></span> <span class='ocrx_word' id='word_1_360' title='bbox 1825 1870 1965 1920; x_wconf 88' lang='lat' dir='ltr'><strong>illum</strong></span> <span class='ocrx_word' id='word_1_361' title='bbox 1988 1884 2125 1919; x_wconf 83' lang='lat' dir='ltr'><strong>nunc</strong></span> <span class='ocrx_word' id='word_1_362' title='bbox 2163 1870 2290 1932; x_wconf 79' lang='lat' dir='ltr'><strong>licet</strong></span> <span class='ocrx_word' id='word_1_363' title='bbox 2324 1878 2553 1933; x_wconf 75' lang='lat' dir='ltr'><strong>tenuem,</strong></span> <span class='ocrx_word' id='word_1_364' title='bbox 2578 1870 2669 1936; x_wconf 90' lang='lat' dir='ltr'><strong>qui</strong></span> 
     </span>
     <span class='ocr_line' id='line_1_73' title="bbox 1598 1947 2668 2011; baseline 0.001 -15"><span class='ocrx_word' id='word_1_365' title='bbox 1598 1960 1630 1995; x_wconf 80' lang='lat' dir='ltr'><strong>a</strong></span> <span class='ocrx_word' id='word_1_366' title='bbox 1669 1947 1821 1996; x_wconf 83' lang='lat' dir='ltr'><strong>Novo</strong></span> <span class='ocrx_word' id='word_1_367' title='bbox 1860 1947 2014 1997; x_wconf 79' lang='lat' dir='ltr'><strong>Mosa</strong></span> <span class='ocrx_word' id='word_1_368' title='bbox 2052 1948 2104 1997; x_wconf 89' lang='lat' dir='ltr'><strong>in</strong></span> <span class='ocrx_word' id='word_1_369' title='bbox 2143 1948 2330 1997; x_wconf 81' lang='lat' dir='ltr'><strong>Iaevum</strong></span> <span class='ocrx_word' id='word_1_370' title='bbox 2359 1947 2668 2011; x_wconf 79' lang='lat' dir='ltr'><strong>devergens,</strong></span> 
     </span>
     <span class='ocr_line' id='line_1_74' title="bbox 1597 2022 2672 2087; baseline 0.004 -17"><span class='ocrx_word' id='word_1_371' title='bbox 1597 2022 1816 2086; x_wconf 85' lang='lat' dir='ltr'><strong>primum</strong></span> <span class='ocrx_word' id='word_1_372' title='bbox 1843 2023 2071 2073; x_wconf 76' lang='lat' dir='ltr'><strong>Ediconis</strong></span> <span class='ocrx_word' id='word_1_373' title='bbox 2108 2024 2267 2087; x_wconf 80' lang='lat' dir='ltr'><strong>Mosa,</strong></span> <span class='ocrx_word' id='word_1_374' title='bbox 2306 2023 2491 2073; x_wconf 88' lang='lat' dir='ltr'><strong>deinde</strong></span> <span class='ocrx_word' id='word_1_375' title='bbox 2524 2025 2672 2074; x_wconf 77' lang='lat' dir='ltr'><strong>Vetus</strong></span> 
     </span>
     <span class='ocr_line' id='line_1_75' title="bbox 1598 2098 2674 2164; baseline 0.002 -16"><span class='ocrx_word' id='word_1_376' title='bbox 1598 2100 1739 2149; x_wconf 77' lang='lat' dir='ltr'><strong>Mosa</strong></span> <span class='ocrx_word' id='word_1_377' title='bbox 1777 2098 2121 2164; x_wconf 81' lang='lat' dir='ltr'><strong>indigetatur,</strong></span> <span class='ocrx_word' id='word_1_378' title='bbox 2143 2100 2332 2150; x_wconf 80' lang='lat' dir='ltr'><strong>dextra</strong></span> <span class='ocrx_word' id='word_1_379' title='bbox 2355 2101 2570 2163; x_wconf 77' lang='lat' dir='ltr'><strong>Heusda,</strong></span> <span class='ocrx_word' id='word_1_380' title='bbox 2610 2102 2674 2150; x_wconf 90' lang='lat' dir='ltr'><strong>si-</strong></span> 
     </span>
     <span class='ocr_line' id='line_1_76' title="bbox 1595 2177 2674 2243; baseline 0.004 -19"><span class='ocrx_word' id='word_1_381' title='bbox 1595 2177 1757 2226; x_wconf 84' lang='lat' dir='ltr'><strong>nistro</strong></span> <span class='ocrx_word' id='word_1_382' title='bbox 1778 2185 1955 2226; x_wconf 85' lang='lat' dir='ltr'><strong>monte</strong></span> <span class='ocrx_word' id='word_1_383' title='bbox 1996 2178 2231 2227; x_wconf 71' lang='lat' dir='ltr'><strong>Getrudis</strong></span> <span class='ocrx_word' id='word_1_384' title='bbox 2247 2177 2408 2243; x_wconf 88' lang='lat' dir='ltr'><strong>(unde</strong></span> <span class='ocrx_word' id='word_1_385' title='bbox 2442 2194 2577 2228; x_wconf 85' lang='lat' dir='ltr'><strong>nunc</strong></span> <span class='ocrx_word' id='word_1_386' title='bbox 2600 2178 2674 2228; x_wconf 87' lang='lat' dir='ltr'><strong>la-</strong></span> 
     </span>
     <span class='ocr_line' id='line_1_77' title="bbox 1591 2253 2671 2315; baseline 0.003 -14"><span class='ocrx_word' id='word_1_387' title='bbox 1591 2266 1706 2315; x_wconf 81' lang='lat' dir='ltr'><strong>cus,</strong></span> <span class='ocrx_word' id='word_1_388' title='bbox 1747 2261 1803 2303; x_wconf 82' lang='lat' dir='ltr'><strong>at</strong></span> <span class='ocrx_word' id='word_1_389' title='bbox 1846 2253 1969 2302; x_wconf 91' lang='lat' dir='ltr'><strong>olim</strong></span> <span class='ocrx_word' id='word_1_390' title='bbox 2015 2254 2231 2305; x_wconf 81' lang='lat' dir='ltr'><strong>solidam</strong></span> <span class='ocrx_word' id='word_1_391' title='bbox 2278 2255 2417 2305; x_wconf 85' lang='lat' dir='ltr'><strong>cirea</strong></span> <span class='ocrx_word' id='word_1_392' title='bbox 2461 2256 2671 2304; x_wconf 85' lang='lat' dir='ltr'><strong>humum</strong></span> 
     </span>
     <span class='ocr_line' id='line_1_78' title="bbox 1598 2330 2674 2396; baseline 0.001 -17"><span class='ocrx_word' id='word_1_393' title='bbox 1598 2337 1798 2380; x_wconf 86' lang='lat' dir='ltr'><strong>certum</strong></span> <span class='ocrx_word' id='word_1_394' title='bbox 1824 2330 1958 2380; x_wconf 86' lang='lat' dir='ltr'><strong>amni</strong></span> <span class='ocrx_word' id='word_1_395' title='bbox 1984 2330 2188 2380; x_wconf 82' lang='lat' dir='ltr'><strong>alveum</strong></span> <span class='ocrx_word' id='word_1_396' title='bbox 2221 2331 2505 2396; x_wconf 78' lang='lat' dir='ltr'><strong>praebuisse</strong></span> <span class='ocrx_word' id='word_1_397' title='bbox 2540 2331 2674 2380; x_wconf 87' lang='lat' dir='ltr'><strong>indi-</strong></span> 
     </span>
     <span class='ocr_line' id='line_1_79' title="bbox 1598 2407 2672 2473; baseline 0.005 -19"><span class='ocrx_word' id='word_1_398' title='bbox 1598 2413 1719 2457; x_wconf 86' lang='lat' dir='ltr'><strong>cant</strong></span> <span class='ocrx_word' id='word_1_399' title='bbox 1756 2407 1991 2473; x_wconf 83' lang='lat' dir='ltr'><strong>reliquioe</strong></span> <span class='ocrx_word' id='word_1_400' title='bbox 2027 2408 2258 2459; x_wconf 83' lang='lat' dir='ltr'><strong>vicorum</strong></span> <span class='ocrx_word' id='word_1_401' title='bbox 2293 2410 2388 2459; x_wconf 85' lang='lat' dir='ltr'><strong>snb</strong></span> <span class='ocrx_word' id='word_1_402' title='bbox 2422 2410 2574 2459; x_wconf 83' lang='lat' dir='ltr'><strong>undis</strong></span> <span class='ocrx_word' id='word_1_403' title='bbox 2602 2412 2672 2459; x_wconf 88' lang='lat' dir='ltr'><strong>la·</strong></span> 
     </span>
     <span class='ocr_line' id='line_1_80' title="bbox 1598 2480 2674 2551; baseline 0.004 -18"><span class='ocrx_word' id='word_1_404' title='bbox 1598 2480 1799 2548; x_wconf 84' lang='lat' dir='ltr'><strong>tentes)</strong></span> <span class='ocrx_word' id='word_1_405' title='bbox 1844 2482 1978 2535; x_wconf 83' lang='lat' dir='ltr'><strong>infra</strong></span> <span class='ocrx_word' id='word_1_406' title='bbox 2025 2486 2374 2536; x_wconf 70' lang='lat' dir='ltr'><strong>Dordreclltum</strong></span> <span class='ocrx_word' id='word_1_407' title='bbox 2411 2501 2577 2551; x_wconf 88' lang='lat' dir='ltr'><strong>usque</strong></span> <span class='ocrx_word' id='word_1_408' title='bbox 2618 2493 2674 2538; x_wconf 86' lang='lat' dir='ltr'><strong>et</strong></span> 
     </span>
     <span class='ocr_line' id='line_1_81' title="bbox 1597 2560 2672 2627; baseline 0.005 -18"><span class='ocrx_word' id='word_1_409' title='bbox 1597 2560 1737 2610; x_wconf 90' lang='lat' dir='ltr'><strong>inter</strong></span> <span class='ocrx_word' id='word_1_410' title='bbox 1784 2562 2092 2627; x_wconf 76' lang='lat' dir='ltr'><strong>Geroflitium</strong></span> <span class='ocrx_word' id='word_1_411' title='bbox 2129 2569 2186 2613; x_wconf 86' lang='lat' dir='ltr'><strong>et</strong></span> <span class='ocrx_word' id='word_1_412' title='bbox 2227 2563 2549 2627; x_wconf 76' lang='lat' dir='ltr'><strong>Flardingam</strong></span> <span class='ocrx_word' id='word_1_413' title='bbox 2586 2565 2672 2614; x_wconf 89' lang='lat' dir='ltr'><strong>de-</strong></span> 
     </span>
     <span class='ocr_line' id='line_1_82' title="bbox 1598 2637 2669 2707; baseline 0.007 -21"><span class='ocrx_word' id='word_1_414' title='bbox 1598 2651 1739 2687; x_wconf 90' lang='lat' dir='ltr'><strong>mum</strong></span> <span class='ocrx_word' id='word_1_415' title='bbox 1755 2638 1847 2689; x_wconf 86' lang='lat' dir='ltr'><strong>hos</strong></span> <span class='ocrx_word' id='word_1_416' title='bbox 1865 2637 2188 2691; x_wconf 84' lang='lat' dir='ltr'><strong>confluentes</strong></span> <span class='ocrx_word' id='word_1_417' title='bbox 2205 2638 2394 2692; x_wconf 83' lang='lat' dir='ltr'><strong>fuisse:</strong></span> <span class='ocrx_word' id='word_1_418' title='bbox 2422 2642 2510 2691; x_wconf 87' lang='lat' dir='ltr'><strong>nbi</strong></span> <span class='ocrx_word' id='word_1_419' title='bbox 2533 2641 2669 2707; x_wconf 88' lang='lat' dir='ltr'><strong>qnod</strong></span> 
     </span>
     <span class='ocr_line' id='line_1_83' title="bbox 1599 2715 2674 2782; baseline 0.005 -18"><span class='ocrx_word' id='word_1_420' title='bbox 1599 2716 1747 2765; x_wconf 79' lang='lat' dir='ltr'><strong>ceteri</strong></span> <span class='ocrx_word' id='word_1_421' title='bbox 1772 2716 1925 2765; x_wconf 82' lang='lat' dir='ltr'><strong>Mosae</strong></span> <span class='ocrx_word' id='word_1_422' title='bbox 1944 2715 2211 2782; x_wconf 85' lang='lat' dir='ltr'><strong>miscetur,</strong></span> <span class='ocrx_word' id='word_1_423' title='bbox 2228 2732 2366 2769; x_wconf 87' lang='lat' dir='ltr'><strong>nnnc</strong></span> <span class='ocrx_word' id='word_1_424' title='bbox 2387 2718 2544 2768; x_wconf 85' lang='lat' dir='ltr'><strong>etiam</strong></span> <span class='ocrx_word' id='word_1_425' title='bbox 2577 2719 2674 2799; x_wconf 65' lang='lat' dir='ltr'><strong>Vu-</strong></span> 
     </span>
     <span class='ocr_line' id='line_1_84' title="bbox 1597 2790 2432 2853; baseline 0.006 -12"><span class='ocrx_word' id='word_1_426' title='bbox 1597 2790 1721 2841; x_wconf 76' lang='lat' dir='ltr'><strong>halis</strong></span> <span class='ocrx_word' id='word_1_427' title='bbox 1741 2806 1927 2843; x_wconf 85' lang='lat' dir='ltr'><strong>nomeu</strong></span> <span class='ocrx_word' id='word_1_428' title='bbox 1950 2793 2171 2853; x_wconf 82' lang='lat' dir='ltr'><strong>oblinet.</strong></span> <span class='ocrx_word' id='word_1_429' title='bbox 2242 2796 2432 2846; x_wconf 74' lang='lat' dir='ltr'><strong>Clater-</strong></span> 
     </span>
    </p>

    <p class='ocr_par' dir='ltr' id='par_1_16' title="bbox 1593 2870 2679 3536">
     <span class='ocr_line' id='line_1_85' title="bbox 1643 2870 2673 2938; baseline 0.005 -18"><span class='ocrx_word' id='word_1_430' title='bbox 1643 2870 1775 2922; x_wconf 70' lang='lat' dir='ltr'><strong>CAP.</strong></span> <span class='ocrx_word' id='word_1_431' title='bbox 1790 2875 1840 2922; x_wconf 98' lang='grc'><strong>7.</strong></span> <span class='ocrx_word' id='word_1_432' title='bbox 1857 2872 1989 2922; x_wconf 82' lang='lat' dir='ltr'><strong>Dum</strong></span> <span class='ocrx_word' id='word_1_433' title='bbox 2002 2873 2263 2934; x_wconf 75' lang='lat' dir='ltr'><strong>adiguntur</strong></span> <span class='ocrx_word' id='word_1_434' title='bbox 2273 2873 2438 2938; x_wconf 77' lang='lat' dir='ltr'><strong>naves]</strong></span> <span class='ocrx_word' id='word_1_435' title='bbox 2457 2874 2673 2937; x_wconf 76' lang='lat' dir='ltr'><strong>Adigere</strong></span> 
     </span>
     <span class='ocr_line' id='line_1_86' title="bbox 1597 2946 2670 3014; baseline 0.003 -18"><span class='ocrx_word' id='word_1_436' title='bbox 1597 2946 1682 2996; x_wconf 90' lang='lat' dir='ltr'><strong>hic</strong></span> <span class='ocrx_word' id='word_1_437' title='bbox 1708 2946 1847 2998; x_wconf 84' lang='lat' dir='ltr'><strong>idem</strong></span> <span class='ocrx_word' id='word_1_438' title='bbox 1865 2955 1994 3012; x_wconf 82' lang='lat' dir='ltr'><strong>puto</strong></span> <span class='ocrx_word' id='word_1_439' title='bbox 2017 2949 2153 3014; x_wconf 87' lang='lat' dir='ltr'><strong>quod</strong></span> <span class='ocrx_word' id='word_1_440' title='bbox 2177 2950 2423 3014; x_wconf 78' lang='lat' dir='ltr'><strong>adducere,</strong></span> <span class='ocrx_word' id='word_1_441' title='bbox 2444 2950 2670 3001; x_wconf 81' lang='lat' dir='ltr'><strong>maxime</strong></span> 
     </span>
     <span class='ocr_line' id='line_1_87' title="bbox 1599 3022 2670 3090; baseline 0.003 -17"><span class='ocrx_word' id='word_1_442' title='bbox 1599 3039 1757 3088; x_wconf 86' lang='lat' dir='ltr'><strong>quum</strong></span> <span class='ocrx_word' id='word_1_443' title='bbox 1794 3026 1905 3089; x_wconf 86' lang='lat' dir='ltr'><strong>ipsa</strong></span> <span class='ocrx_word' id='word_1_444' title='bbox 1928 3040 2008 3074; x_wconf 89' lang='lat' dir='ltr'><strong>res</strong></span> <span class='ocrx_word' id='word_1_445' title='bbox 2031 3025 2129 3076; x_wconf 90' lang='lat' dir='ltr'><strong>hoc</strong></span> <span class='ocrx_word' id='word_1_446' title='bbox 2152 3027 2359 3076; x_wconf 85' lang='lat' dir='ltr'><strong>doceat.</strong></span> <span class='ocrx_word' id='word_1_447' title='bbox 2424 3025 2527 3090; x_wconf 82' lang='lat' dir='ltr'><strong>Agi</strong></span> <span class='ocrx_word' id='word_1_448' title='bbox 2553 3022 2670 3090; x_wconf 48' lang='lat' dir='ltr'><strong>prod</strong></span> 
     </span>
     <span class='ocr_line' id='line_1_88' title="bbox 1599 3101 2678 3168; baseline 0.002 -18"><span class='ocrx_word' id='word_1_449' title='bbox 1599 3101 1712 3166; x_wconf 88' lang='lat' dir='ltr'><strong>prie</strong></span> <span class='ocrx_word' id='word_1_450' title='bbox 1733 3102 1982 3152; x_wconf 88' lang='lat' dir='ltr'><strong>dicuntur</strong></span> <span class='ocrx_word' id='word_1_451' title='bbox 1999 3117 2175 3166; x_wconf 85' lang='lat' dir='ltr'><strong>naves,</strong></span> <span class='ocrx_word' id='word_1_452' title='bbox 2196 3117 2310 3168; x_wconf 81' lang='lat' dir='ltr'><strong>quae</strong></span> <span class='ocrx_word' id='word_1_453' title='bbox 2328 3102 2483 3152; x_wconf 88' lang='lat' dir='ltr'><strong>remis</strong></span> <span class='ocrx_word' id='word_1_454' title='bbox 2498 3103 2678 3166; x_wconf 83' lang='lat' dir='ltr'><strong>impel-</strong></span> 
     </span>
     <span class='ocr_line' id='line_1_89' title="bbox 1598 3178 2678 3242; baseline 0.002 -15"><span class='ocrx_word' id='word_1_455' title='bbox 1598 3179 1795 3242; x_wconf 87' lang='lat' dir='ltr'><strong>luntur,</strong></span> <span class='ocrx_word' id='word_1_456' title='bbox 1821 3180 1959 3230; x_wconf 87' lang='lat' dir='ltr'><strong>unde</strong></span> <span class='ocrx_word' id='word_1_457' title='bbox 1976 3188 2032 3230; x_wconf 86' lang='lat' dir='ltr'><strong>et</strong></span> <span class='ocrx_word' id='word_1_458' title='bbox 2048 3180 2276 3230; x_wconf 76' lang='lat' dir='ltr'><strong>actuariae</strong></span> <span class='ocrx_word' id='word_1_459' title='bbox 2289 3178 2463 3230; x_wconf 82' lang='lat' dir='ltr'><strong>dictae.</strong></span> <span class='ocrx_word' id='word_1_460' title='bbox 2502 3180 2678 3230; x_wconf 76' lang='lat' dir='ltr'><strong>Frein-</strong></span> 
     </span>
     <span class='ocr_line' id='line_1_90' title="bbox 1593 3254 2675 3309; baseline -0.001 -3"><span class='ocrx_word' id='word_1_461' title='bbox 1593 3254 1821 3307; x_wconf 74' lang='lat' dir='ltr'><strong>shemius.</strong></span> <span class='ocrx_word' id='word_1_462' title='bbox 1857 3256 1998 3307; x_wconf 86' lang='lat' dir='ltr'><strong>Anu.</strong></span> <span class='ocrx_word' id='word_1_463' title='bbox 2022 3271 2103 3307; x_wconf 80' lang='lat' dir='ltr'><strong>xr.</strong></span> <span class='ocrx_word' id='word_1_464' title='bbox 2129 3258 2240 3309; x_wconf 74' lang='grc' dir='ltr'><strong>17.ι</strong></span> <span class='ocrx_word' id='word_1_465' title='bbox 2267 3257 2509 3307; x_wconf 84' lang='lat' dir='ltr'><strong>triremes</strong></span> <span class='ocrx_word' id='word_1_466' title='bbox 2526 3257 2675 3305; x_wconf 86' lang='lat' dir='ltr'><strong>alveo</strong></span> 
     </span>
     <span class='ocr_line' id='line_1_91' title="bbox 1599 3333 2673 3398; baseline 0.001 -16"><span class='ocrx_word' id='word_1_467' title='bbox 1599 3333 1787 3397; x_wconf 81' lang='lat' dir='ltr'><strong>Rheni,</strong></span> <span class='ocrx_word' id='word_1_468' title='bbox 1824 3341 2047 3387; x_wconf 86' lang='lat' dir='ltr'><strong>caeteras</strong></span> <span class='ocrx_word' id='word_1_469' title='bbox 2091 3333 2317 3395; x_wconf 84' lang='lat' dir='ltr'><strong>navium,</strong></span> <span class='ocrx_word' id='word_1_470' title='bbox 2354 3338 2414 3382; x_wconf 91' lang='lat' dir='ltr'><strong>ut</strong></span> <span class='ocrx_word' id='word_1_471' title='bbox 2454 3346 2673 3398; x_wconf 68' lang='lat' dir='ltr'><strong>qumque</strong></span> 
     </span>
     <span class='ocr_line' id='line_1_92' title="bbox 1596 3400 2679 3476; baseline 0.002 -18"><span class='ocrx_word' id='word_1_472' title='bbox 1596 3409 1811 3472; x_wconf 88' lang='lat' dir='ltr'><strong>habiles,</strong></span> <span class='ocrx_word' id='word_1_473' title='bbox 1828 3425 1924 3474; x_wconf 89' lang='lat' dir='ltr'><strong>per</strong></span> <span class='ocrx_word' id='word_1_474' title='bbox 1949 3411 2190 3461; x_wconf 66' lang='lat' dir='ltr'><strong>aestuaria</strong></span> <span class='ocrx_word' id='word_1_475' title='bbox 2211 3416 2265 3461; x_wconf 80' lang='lat' dir='ltr'><strong>et</strong></span> <span class='ocrx_word' id='word_1_476' title='bbox 2282 3408 2443 3460; x_wconf 84' lang='lat' dir='ltr'><strong>fossas</strong></span> <span class='ocrx_word' id='word_1_477' title='bbox 2465 3400 2679 3476; x_wconf 72' lang='lat' dir='ltr'><strong>adegit!</strong></span> 
     </span>
     <span class='ocr_line' id='line_1_93' title="bbox 1603 3486 1889 3536; baseline 0 0"><span class='ocrx_word' id='word_1_478' title='bbox 1603 3486 1889 3536; x_wconf 79' lang='lat' dir='ltr'><strong>Gronovius.</strong></span> 
     </span>
    </p>

    <p class='ocr_par' dir='ltr' id='par_1_17' title="bbox 1593 3561 2679 4401">
     <span class='ocr_line' id='line_1_94' title="bbox 1599 3561 2677 3627; baseline -0.001 -13"><span class='ocrx_word' id='word_1_479' title='bbox 1599 3562 1608 3571; x_wconf 86' lang='lat'><strong>&#39;</strong></span> <span class='ocrx_word' id='word_1_480' title='bbox 1662 3561 1913 3627; x_wconf 75' lang='lat' dir='ltr'><strong>Decurrit]</strong></span> <span class='ocrx_word' id='word_1_481' title='bbox 1964 3563 2176 3614; x_wconf 85' lang='lat' dir='ltr'><strong>Homer.</strong></span> <span class='ocrx_word' id='word_1_482' title='bbox 2223 3563 2381 3613; x_wconf 86' lang='lat' dir='ltr'><strong>Iliad.</strong></span> <span class='ocrx_word' id='word_1_483' title='bbox 2424 3568 2486 3612; x_wconf 71' lang='grc' dir='ltr'><strong>Ψ.</strong></span> <span class='ocrx_word' id='word_1_484' title='bbox 2522 3562 2586 3611; x_wconf 77' lang='lat' dir='ltr'><strong>Oi</strong></span> <span class='ocrx_word' id='word_1_485' title='bbox 2622 3561 2677 3613; x_wconf 71' lang='grc' dir='ltr'><strong>δὲ</strong></span> 
     </span>
     <span class='ocr_line' id='line_1_95' title="bbox 1595 3638 2678 3706; baseline 0.002 -18"><span class='ocrx_word' id='word_1_486' title='bbox 1595 3638 1697 3705; x_wconf 74' lang='grc' dir='ltr'><strong>τρὶς</strong></span> <span class='ocrx_word' id='word_1_487' title='bbox 1733 3640 1840 3705; x_wconf 71' lang='grc' dir='ltr'><strong>περὶ</strong></span> <span class='ocrx_word' id='word_1_488' title='bbox 1858 3639 2022 3706; x_wconf 71' lang='grc' dir='ltr'><strong><em>νεκρὸν</em></strong></span> <span class='ocrx_word' id='word_1_489' title='bbox 2056 3640 2275 3706; x_wconf 76' lang='grc' dir='ltr'><strong>ἐΰτριχας</strong></span> <span class='ocrx_word' id='word_1_490' title='bbox 2295 3640 2487 3699; x_wconf 77' lang='grc' dir='ltr'>ἤλασαν</span> <span class='ocrx_word' id='word_1_491' title='bbox 2502 3638 2678 3690; x_wconf 73' lang='grc' dir='ltr'><strong><em>ἵππους</em></strong></span> 
     </span>
     <span class='ocr_line' id='line_1_96' title="bbox 1597 3716 2679 3788; baseline -0.002 -20"><span class='ocrx_word' id='word_1_492' title='bbox 1597 3717 1873 3782; x_wconf 78' lang='grc' dir='ltr'><strong>Μνρόμενοι.</strong></span> <span class='ocrx_word' id='word_1_493' title='bbox 1928 3718 2207 3768; x_wconf 85' lang='lat' dir='ltr'><strong>Suetonius</strong></span> <span class='ocrx_word' id='word_1_494' title='bbox 2230 3719 2285 3767; x_wconf 87' lang='lat' dir='ltr'><strong>in</strong></span> <span class='ocrx_word' id='word_1_495' title='bbox 2309 3717 2494 3788; x_wconf 78' lang='lat' dir='ltr'><strong>Claud.</strong></span> <span class='ocrx_word' id='word_1_496' title='bbox 2516 3718 2534 3744; x_wconf 89' lang='lat'>‘</span> <span class='ocrx_word' id='word_1_497' title='bbox 2561 3716 2679 3766; x_wconf 80' lang='lat' dir='ltr'><strong>Cae&#39;·</strong></span> 
     </span>
     <span class='ocr_line' id='line_1_97' title="bbox 1596 3794 2677 3858; baseline 0 -13"><span class='ocrx_word' id='word_1_498' title='bbox 1596 3803 1765 3847; x_wconf 85' lang='lat' dir='ltr'><strong>terum</strong></span> <span class='ocrx_word' id='word_1_499' title='bbox 1809 3798 2071 3846; x_wconf 81' lang='lat' dir='ltr'><strong>exercitus</strong></span> <span class='ocrx_word' id='word_1_500' title='bbox 2115 3794 2445 3846; x_wconf 83' lang='lat' dir='ltr'><strong>honorarium</strong></span> <span class='ocrx_word' id='word_1_501' title='bbox 2490 3795 2542 3844; x_wconf 93' lang='lat' dir='ltr'><strong>ei</strong></span> <span class='ocrx_word' id='word_1_502' title='bbox 2584 3794 2677 3858; x_wconf 83' lang='lat' dir='ltr'><strong>[de</strong></span> 
     </span>
     <span class='ocr_line' id='line_1_98' title="bbox 1594 3871 2677 3938; baseline -0.003 -14"><span class='ocrx_word' id='word_1_503' title='bbox 1594 3875 1769 3924; x_wconf 81' lang='lat' dir='ltr'><strong>Druso</strong></span> <span class='ocrx_word' id='word_1_504' title='bbox 1807 3873 2059 3938; x_wconf 84' lang='lat' dir='ltr'><strong>loquitur]</strong></span> <span class='ocrx_word' id='word_1_505' title='bbox 2103 3872 2356 3922; x_wconf 85' lang='lat' dir='ltr'><strong>tumulum</strong></span> <span class='ocrx_word' id='word_1_506' title='bbox 2398 3871 2677 3936; x_wconf 80' lang='lat' dir='ltr'><strong>excitavit,</strong></span> 
     </span>
     <span class='ocr_line' id='line_1_99' title="bbox 1596 3947 2676 4014; baseline 0.001 -16"><span class='ocrx_word' id='word_1_507' title='bbox 1596 3949 1738 3998; x_wconf 86' lang='lat' dir='ltr'><strong>circa</strong></span> <span class='ocrx_word' id='word_1_508' title='bbox 1769 3963 1921 4014; x_wconf 87' lang='lat' dir='ltr'><strong>quem</strong></span> <span class='ocrx_word' id='word_1_509' title='bbox 1961 3948 2207 4014; x_wconf 76' lang='lat' dir='ltr'><strong>deinceps</strong></span> <span class='ocrx_word' id='word_1_510' title='bbox 2247 3954 2390 4000; x_wconf 85' lang='lat' dir='ltr'><strong>stato</strong></span> <span class='ocrx_word' id='word_1_511' title='bbox 2414 3947 2500 3997; x_wconf 88' lang='lat' dir='ltr'><strong>die</strong></span> <span class='ocrx_word' id='word_1_512' title='bbox 2524 3955 2676 4013; x_wconf 85' lang='lat' dir='ltr'><strong>quot·</strong></span> 
     </span>
     <span class='ocr_line' id='line_1_100' title="bbox 1596 4020 2675 4089; baseline 0.001 -14"><span class='ocrx_word' id='word_1_513' title='bbox 1596 4024 1743 4075; x_wconf 85' lang='lat' dir='ltr'><strong>annis</strong></span> <span class='ocrx_word' id='word_1_514' title='bbox 1785 4020 1933 4074; x_wconf 79' lang='lat' dir='ltr'><strong>miles</strong></span> <span class='ocrx_word' id='word_1_515' title='bbox 1979 4023 2325 4075; x_wconf 67' lang='lat' dir='ltr'><strong>decurreret!</strong></span> <span class='ocrx_word' id='word_1_516' title='bbox 2398 4024 2675 4089; x_wconf 74' lang='lat' dir='ltr'><strong>Divinitas</strong></span> 
     </span>
     <span class='ocr_line' id='line_1_101' title="bbox 1595 4101 2675 4155; baseline -0.001 -2"><span class='ocrx_word' id='word_1_517' title='bbox 1595 4102 1910 4153; x_wconf 87' lang='lat' dir='ltr'><strong>describitur</strong></span> <span class='ocrx_word' id='word_1_518' title='bbox 1945 4102 2060 4151; x_wconf 80' lang='lat' dir='ltr'><strong>haec</strong></span> <span class='ocrx_word' id='word_1_519' title='bbox 2083 4101 2326 4151; x_wconf 81' lang='lat' dir='ltr'><strong>decursio</strong></span> <span class='ocrx_word' id='word_1_520' title='bbox 2358 4102 2394 4150; x_wconf 91' lang='lat' dir='ltr'><strong>l.</strong></span> <span class='ocrx_word' id='word_1_521' title='bbox 2420 4115 2476 4155; x_wconf 86' lang='lat' dir='ltr'><strong>v.</strong></span> <span class='ocrx_word' id='word_1_522' title='bbox 2499 4103 2675 4152; x_wconf 84' lang='lat' dir='ltr'><strong>AEnei·</strong></span> 
     </span>
     <span class='ocr_line' id='line_1_102' title="bbox 1596 4176 2673 4243; baseline -0.001 -14"><span class='ocrx_word' id='word_1_523' title='bbox 1596 4176 1707 4230; x_wconf 84' lang='lat' dir='ltr'><strong>dos.</strong></span> <span class='ocrx_word' id='word_1_524' title='bbox 1773 4179 1912 4228; x_wconf 86' lang='lat' dir='ltr'><strong>Talia</strong></span> <span class='ocrx_word' id='word_1_525' title='bbox 1934 4184 2087 4228; x_wconf 87' lang='lat' dir='ltr'><strong>erant</strong></span> <span class='ocrx_word' id='word_1_526' title='bbox 2119 4178 2328 4240; x_wconf 74' lang='lat' dir='ltr'><strong>Equiria</strong></span> <span class='ocrx_word' id='word_1_527' title='bbox 2349 4193 2468 4243; x_wconf 77' lang='lat' dir='ltr'><strong>quae</strong></span> <span class='ocrx_word' id='word_1_528' title='bbox 2492 4192 2673 4228; x_wconf 79' lang='lat' dir='ltr'><strong>mense</strong></span> 
     </span>
     <span class='ocr_line' id='line_1_103' title="bbox 1596 4251 2677 4307; baseline -0.001 -1"><span class='ocrx_word' id='word_1_529' title='bbox 1596 4255 1879 4306; x_wconf 84' lang='lat' dir='ltr'><strong>Februario</strong></span> <span class='ocrx_word' id='word_1_530' title='bbox 1902 4260 1960 4304; x_wconf 88' lang='lat' dir='ltr'><strong>et</strong></span> <span class='ocrx_word' id='word_1_531' title='bbox 1981 4252 2176 4303; x_wconf 84' lang='lat' dir='ltr'><strong>Martio</strong></span> <span class='ocrx_word' id='word_1_532' title='bbox 2197 4251 2397 4304; x_wconf 77' lang='lat' dir='ltr'><strong>fiebant</strong></span> <span class='ocrx_word' id='word_1_533' title='bbox 2436 4255 2490 4303; x_wconf 87' lang='lat' dir='ltr'><strong>in</strong></span> <span class='ocrx_word' id='word_1_534' title='bbox 2531 4256 2677 4307; x_wconf 75' lang='lat' dir='ltr'><strong>Cam·</strong></span> 
     </span>
     <span class='ocr_line' id='line_1_104' title="bbox 1593 4328 2668 4401; baseline 0.002 -19"><span class='ocrx_word' id='word_1_535' title='bbox 1593 4346 1664 4401; x_wconf 87' lang='lat' dir='ltr'><strong>po</strong></span> <span class='ocrx_word' id='word_1_536' title='bbox 1708 4329 1926 4397; x_wconf 82' lang='lat' dir='ltr'><strong>Martio,</strong></span> <span class='ocrx_word' id='word_1_537' title='bbox 1962 4329 2028 4379; x_wconf 91' lang='lat' dir='ltr'><strong>de</strong></span> <span class='ocrx_word' id='word_1_538' title='bbox 2067 4328 2450 4396; x_wconf 82' lang='lat' dir='ltr'><strong>quibus‘Ovid.</strong></span> <span class='ocrx_word' id='word_1_539' title='bbox 2489 4331 2580 4381; x_wconf 88' lang='lat' dir='ltr'><strong>lib.</strong></span> <span class='ocrx_word' id='word_1_540' title='bbox 2604 4345 2668 4384; x_wconf 78' lang='grc' dir='ltr'><strong>ιι.</strong></span> 
     </span>
    </p>
   </div>
  </div>
 </body>
</html>
