3009 4942
891 465 1036 513 ΜΒ.
1083 463 1135 514 1.
1182 465 1351 515 cnr.
1394 449 1506 516 20.
1553 433 1994 516 A‘uuaemuu.

334 605 461 657 bum
477 606 577 657 boc
599 604 894 672 significatu
928 607 1234 674 quandoque
1258 608 1399 672 poni.

335 684 514 735 Livius
539 698 686 734 xxn.
710 689 759 734 3.
795 688 812 713 ⁴
834 685 980 745 signa
1015 687 1235 735 convelli
1253 685 1404 749 jube-

334 760 451 823 ηιξ
497 760 816 826 eandemque
859 762 1063 825 phrasin
1108 763 1283 812 statim
1329 762 1405 812 bis

264 840 294 886 ,“
337 837 552 899 repetit.
577 836 606 866 ⁴¹*

401 913 433 943 ⁸
465 914 602 963 Vide
649 915 786 964 Hist.
829 928 868 964 1.
912 919 995 964 41.
1046 916 1063 944 ‘
1093 917 1404 966 vexillarius

338 989 567 1040 cohortis
614 991 882 1054 dereptam
908 991 1092 1042 Galbae
1132 991 1405 1056 imaginem

337 1064 709 1115 soloadflixit!
778 1068 913 1116 Nam
955 1076 1281 1118 sacramento
1314 1069 1406 1117 mi·

335 1141 479 1192 litati
524 1142 909 1206 continebatur,
943 1159 1009 1194 ne
1038 1146 1180 1202 signa
1205 1146 1407 1195 desere·

334 1225 473 1268 rent.
512 1218 713 1268 Seneca
735 1221 889 1283 epist.
910 1225 994 1270 95.
1028 1226 1044 1249 ‘
1064 1223 1294 1271 Primum
1319 1223 1409 1272 mi·

333 1294 461 1344 litiae
502 1297 763 1345 vinculum
801 1304 884 1348 est
927 1298 1128 1363 religio,
1161 1307 1218 1349 et
1238 1301 1408 1364 signo·

320 1378 453 1421 m
471 1386 635 1436 amor,
657 1379 712 1422 et
734 1373 1006 1423 deserendi
1032 1374 1212 1424 nefas!
1274 1376 1407 1426 Vide

336 1460 454 1516 qna
470 1450 595 1499 olim
614 1452 905 1500 notavimus
930 1452 995 1501 ad
1027 1453 1235 1503 Florum
1260 1467 1300 1502 1.
1325 1458 1408 1505 11.

337 1526 426 1577 Sic
445 1527 586 1576 inter
606 1529 700 1577 has
720 1528 1002 1578 seditiones
1025 1530 1266 1580 Mennius
1300 1546 1408 1595 rap-

324 1606 439 1652 ‘tnm
457 1603 684 1652 vexillam
704 1606 766 1653 ud
797 1605 949 1668 ripas
982 1607 1147 1666 vertit,
1178 1611 1226 1655 et
1243 1607 1286 1655 si
1306 1607 1412 1670 quis

337 1680 532 1742 agmine
563 1680 869 1742 discessisset,
905 1696 993 1745 pro
1031 1684 1266 1731 desertore
1298 1682 1412 1743 sors

337 1756 607 1819 clamitans,
625 1758 819 1805 reduxit
842 1758 893 1807 in
914 1758 1110 1808 hiberna
1130 1759 1345 1808 turbidos
1366 1764 1414 1808 et

337 1831 466 1881 nihil
486 1846 635 1881 ausos.
702 1833 874 1896 Igitur
912 1834 964 1882 bi
1002 1841 1338 1898 putaverunt,
1370 1834 1413 1883 si

339 1908 537 1958 vexilla
558 1910 819 1973 rupissent
842 1911 1002 1959 veluti
1037 1912 1231 1962 solutos
1256 1927 1314 1962 se
1337 1926 1413 1961 sa-

341 1985 598 2035 cramenti
635 1986 886 2049 religione
917 1985 1061 2036 fore:
1101 2003 1217 2052 quae
1257 2002 1338 2037 res
1361 2003 1414 2038 e·

341 2061 468 2113 fiam
491 2063 630 2113 inter
652 2075 843 2113 nostrae
868 2065 1064 2114 militiae
1089 2064 1290 2130 flagitia
1310 2080 1415 2115 non

341 2138 586 2202 ignobilis
607 2147 706 2190 est.
759 2141 947 2206 Neque
970 2143 1130 2207 etiam
1153 2143 1327 2205 video,
1344 2141 1414 2193 ad

341 2216 485 2267 vicos
538 2218 859 2283 diripiendos
925 2235 1169 2285 quorsum
1221 2223 1414 2272 vexilla

336 2293 581 2360 praeferri
606 2298 878 2346 voluerint.
947 2299 1317 2350 Freinshemius.

407 2372 439 2402 '⁵
471 2373 626 2424 Quod
651 2389 772 2424 vero
811 2375 886 2425 ait
923 2390 978 2425 se
1015 2378 1237 2441 nescire,
1258 2393 1410 2443 quor-

342 2462 455 2500 sum
476 2450 542 2499 ad
565 2450 889 2514 diripiendos
910 2453 1050 2503 vicos
1091 2455 1237 2517 signa
1277 2470 1413 2520 prae·

344 2526 600 2587 tulerint3
644 2528 888 2592 equidem
927 2544 1027 2579 non
1064 2532 1414 2594 praetulerunt

342 2602 497 2665 signa
534 2602 765 2653 vicorum
812 2604 1088 2670 diripiendi
1131 2622 1282 2672 ergo,
1320 2609 1414 2659 sed

342 2678 726 2742 proficiscendi.
766 2682 869 2732 Sed
888 2688 1061 2733 tamen
1084 2685 1414 2749 quemadmo-

344 2755 469 2805 dum
491 2758 664 2821 paullo
689 2764 809 2808 ante
835 2760 1188 2823 operabantur
1207 2761 1416 2812 subrec-

341 2834 417 2885 tis
439 2834 663 2897 vexillis,
703 2842 764 2885 ut
788 2845 1069 2901 appareret
1091 2839 1303 2890 militari
1326 2854 1414 2890 eos

347 2926 565 2962 munere
607 2911 774 2977 fungi,
819 2920 875 2963 et
918 2915 1110 2965 milites
1155 2930 1415 2977 esse,non

346 2989 478 3039 viles
531 3000 712 3038 manus
756 2989 984 3055 undique
1029 2996 1414 3041 contractarum

348 3073 444 3116 aut
481 3064 833 3115 oblocantiurn
887 3072 1055 3117 semet
1103 3082 1414 3133 operarum3

344 3141 422 3191 sic
441 3143 583 3191 inter
602 3141 914 3191 movendum
938 3142 1002 3191 ad
1029 3143 1310 3193 secundam
1339 3158 1417 3192 ra-

346 3218 486 3269 biem
507 3216 670 3268 versis
704 3219 911 3268 stetisse
934 3218 1146 3281 vexilla,
1182 3219 1280 3267 etsi
1312 3234 1416 3269 non

348 3300 609 3357 narretur,
633 3294 880 3343 credibile
902 3294 1028 3344 satis
1052 3300 1149 3357 est,
1182 3299 1240 3344 et
1261 3296 1416 3344 moris

350 3370 748 3435 securitatisque
778 3384 934 3419 causa
965 3376 1095 3434 (non
1131 3371 1268 3420 enim
1305 3371 1416 3421 sine

351 3446 651 3496 custodibus
680 3445 841 3496 facile
875 3444 1329 3511 relinquebantur)
1362 3453 1419 3497 et

350 3528 411 3572 nt
433 3522 774 3573 ostenderent
806 3538 861 3572 se
901 3523 1096 3573 milites
1130 3538 1260 3585 esse,
1280 3522 1418 3573 frau-

349 3596 497 3649 datos
509 3599 688 3663 justis,
711 3606 769 3649 et
784 3599 996 3663 indigne
1017 3599 1239 3664 habitos,
1258 3606 1418 3666 atque

346 3675 420 3727 ‘ob
463 3677 517 3726 id
559 3677 719 3728 iratos
763 3684 819 3727 et
857 3677 1076 3742 pignora
1112 3678 1418 3742 capientes;

350 3766 456 3803 non
510 3754 742 3805 latrones
792 3760 848 3804 et
903 3755 1178 3818 praedones
1231 3770 1419 3807 meros.

350 3828 488 3880 vide
527 3845 651 3894 quae
682 3831 748 3882 ad
791 3830 923 3881 Livii
956 3846 1046 3881 ru.
1072 3835 1153 3882 521.
1180 3831 1420 3883 diximus.

350 3905 647 3957 Gronovius.

344 3986 357 3999 '
423 3983 697 4049 Nauporto]
774 3985 1021 4036 Meminit
1077 3991 1134 4036 et
1172 3986 1422 4036 Velleius.

346 4058 547 4109 Strabo
587 4062 813 4111 collocat
851 4061 904 4109 in
921 4061 1200 4125 Tauriscis,
1223 4062 1325 4111 situ
1358 4061 1424 4110 ab

350 4132 595 4199 ‘Aquileia
629 4136 811 4186 stadiis
851 4140 966 4185 850.
1001 4137 1094 4186 sed
1124 4146 1280 4187 vocat
1302 4134 1428 4187 Ναύ·

353 4224 546 4273 norrov,
567 4220 838 4276 corrupte,
863 4220 922 4261 ut
946 4214 1155 4278 opinor.
1182 4215 1393 4278 Lipsius.

350 4292 361 4305 ⁶
416 4287 723 4353 Aufidienum
748 4287 957 4351 Rmm]
1000 4288 1161 4338 Haud
1184 4290 1430 4340 mutarim

352 4372 691 4417 nomen-curn
709 4364 987 4417 Gallorum
1007 4372 1069 4418 ut
1109 4367 1432 4433 doctissimo,

2351 446 2528 517 3796

1473 609 1549 658 ita
1572 611 1722 670 longe
1746 609 1944 673 optimo
1965 610 2017 658 in
2043 608 2380 659 Nasidiemun:
2414 624 2534 661 nam

1473 691 1667 755 Aufidia
1706 706 1850 755 gens,
1900 689 2035 739 unde
2077 690 2537 756 Aufidienus,aeqne

1477 768 1745 817 celebrata
1767 775 1826 817 ut
1843 767 2062 828 Nasidia,
2085 767 2219 816 uude
2239 769 2540 821 Nasidienus.

1478 845 1754 895 Gruterus.

1545 921 1832 978 Praesectuns
1869 917 2150 980 castrorum]
2196 920 2385 968 Munus
2420 918 2540 983 fuit,

1477 999 1652 1046 nescio
1673 1011 1738 1045 an
1761 996 2043 1060 antiquum.
2091 996 2409 1044 Mentionem
2426 997 2537 1060 qui·

1480 1073 1600 1122 dem
1620 1074 1731 1137 ejus
1754 1079 1874 1123 ante
1899 1072 2170 1134 Principes
2205 1071 2426 1118 nondum
2462 1072 2540 1119 in·

1480 1149 1635 1199 veni:
1672 1155 1873 1212 postea,
1896 1148 2099 1210 soepius.
2162 1147 2297 1195 Vide
2318 1148 2539 1197 Excurs-

1480 1222 1537 1273 in
1559 1224 1632 1273 H.
1674 1225 1895 1286 Lipsius.

1550 1302 1702 1358 Quem
1720 1302 1959 1364 direptum
1989 1298 2223 1362 caliculo]
2256 1300 2360 1348 Ms.
2378 1302 2547 1364 derep-

1480 1384 1585 1428 tum
1606 1379 1807 1442 aptiore
1832 1376 2061 1428 notione.
2103 1376 2325 1424 Pichena.

1555 1453 1800 1517 Vehiculo]
1830 1452 2167 1503 Honestiores
2183 1465 2307 1515 ergo
2322 1449 2543 1500 militum

1482 1533 1643 1582 etiam
1688 1539 1813 1582 tunc
1866 1530 1921 1579 in
1973 1529 2210 1580 vehiculo
2258 1534 2349 1578 ant
2392 1542 2545 1593 equo.

1482 1610 1688 1673 Lipsius.

1550 1686 1764 1734 Invictus
1783 1683 1959 1748 operis]
2005 1682 2247 1733 Medicea
2268 1681 2546 1746 scripturn,

1482 1762 1612 1811 intus
1643 1762 1824 1825 operis,-
1857 1775 2033 1809 verum
2056 1774 2261 1819 censeo,
2283 1764 2417 1809 vetus
2436 1774 2543 1823 ope·

1482 1839 1572 1887 ris.
1639 1839 1702 1887 In
1723 1838 1902 1888 Tacito
1922 1841 2055 1886 vetus
2074 1837 2284 1899 militia,
2307 1841 2364 1887 et
2395 1836 2448 1884 in
2468 1835 2546 1885 Si·

1484 1914 1555 1963 lio
1590 1915 1704 1979 ipsa
1739 1914 1851 1964 baec
1891 1912 2085 1962 verba:
2135 1913 2152 1941 ‘
2176 1926 2364 1976 gnaros
2402 1911 2547 1976 belli,

1483 1997 1797 2055 veteresque
1820 1987 2087 2039 laborum!
2119 1987 2328 2050 Lipsius.
2377 1982 2380 1985 ’

1549 2066 1693 2115 Intus
1730 2065 1885 2128 operis
1925 2079 1983 2114 ac
2028 2062 2226 2126 loboris]
2282 2062 2369 2112 Sic
2411 2053 2545 2111 liber

1484 2143 1665 2192 unicus
1686 2148 1743 2192 et
1763 2141 1944 2206 primae
1964 2140 2238 2191 editiones.
2283 2139 2424 2189 Phil.
2446 2139 2549 2188 Be-

1483 2219 1691 2268 roaldus
1710 2218 1917 2268 invictus
1933 2217 2090 2281 operi-s
2107 2231 2165 2266 oo
2198 2215 2389 2277 loboris,
2410 2212 2549 2281 quod

1484 2297 1750 2361 plerasque
1786 2299 2114 2360 receperunt.
2178 2293 2454 2367 Rhenanus
2474 2296 2550 2341 ot·

1483 2377 1645 2423 tentus
1664 2372 1817 2437 operis
1853 2387 1910 2422 αο
1946 2370 2117 2434 labori,
2141 2375 2200 2418 ut
2217 2369 2369 2432 operis
2390 2367 2549 2417 dandi

1484 2462 1611 2499 casu
1632 2448 1830 2498 dictum
1851 2445 2179 2509 intelligatur
2197 2458 2408 2494 numero
2434 2444 2551 2508 plu-

1486 2525 1674 2576 rativo.
1738 2525 1982 2574 Ferretus
2030 2534 2236 2588 quoque
2279 2519 2429 2585 quasi
2484 2533 2553 2568 ex

1486 2603 1767 2666 Medicaeo,
1785 2601 2014 2652 invictus.-
2050 2600 2139 2649 sed
2173 2595 2332 2648 falsus
2365 2603 2423 2647 et
2454 2594 2549 2646 fal-

1485 2685 1600 2734 lens
1637 2684 1781 2734 alios.
1846 2680 2151 2730 Vertranius
2168 2679 2373 2728 invictus
2397 2675 2550 2740 operis

1487 2776 1546 2811 sc
1582 2760 1776 2817 labore:
1814 2773 1876 2808 eo
1913 2757 2155 2818 maxime,
2192 2755 2377 2821 inquit,
2410 2752 2552 2818 quod

1488 2836 1675 2887 Codici
1693 2837 1865 2886 Tusco
1884 2835 2019 2884 inest
2042 2834 2276 2884 invictus.-
2309 2831 2426 2881 uisi*
2443 2844 2552 2879 ma·

1490 2913 1571 2977 gis
1607 2914 1815 2978 placeat
1847 2911 2070 2961 intentus
2095 2909 2360 2973 opes-5³:120·
2382 2906 2551 2957 lubors‘z

1488 2989 1620 3040 Ant.
1640 2989 1960 3054 Augustinus
1999 2986 2141 3051 apud
2173 2985 2422 3036 Ursinum
2443 2999 2456 3033 :
2478 2986 2555 3033 in·

1489 3070 1568 3115 tus
1604 3066 1757 3129 operis
1796 3080 1853 3114 ac
1887 3064 2043 3114 labore
2068 3063 2217 3123 foris.
2282 3063 2552 3111 Muretum

1491 3145 1716 3212 probare
1758 3143 1971 3205 inmitis,
1992 3156 2090 3192 nee
2135 3155 2192 3191 se
2238 3138 2553 3204 improbare,

1492 3222 1615 3286 quia
1651 3219 1883 3270 immitior
1919 3223 2184 3282 sequatur,
2216 3213 2557 3266 Guilelmium

1492 3296 1682 3346 alicubi
1699 3296 1844 3359 incus,
1867 3293 2050 3345 scribit
2067 3290 2347 3343 Acidalius.
2392 3289 2558 3341 Deni-

1492 3387 1596 3438 que
1620 3372 1685 3422 ad
1704 3369 2046 3436 supplendum
2066 3382 2331 3418 numerum
2350 3371 2557 3417 senten-

1491 3450 1702 3511 tiarum,
1722 3452 1783 3497 ur
1810 3451 1942 3496 vesus
1963 3443 2094 3497 Lud.
2118 3443 2382 3507 Aurelius,
2399 3443 2558 3492 inten-

1490 3530 1571 3574 tus
1589 3525 1736 3588 operi*
1755 3539 1812 3572 uo
1844 3522 1995 3572 labori
2027 3521 2237 3571 Marcus
2261 3516 2557 3568 Assuerius·

1493 3603 1582 3652 De
1607 3601 1814 3667 quibus,
1836 3599 2039 3663 opinor,
2060 3597 2104 3646 si
2128 3596 2347 3646 vidisset
2370 3594 2559 3657 omnia,

1495 3678 1731 3740 dixisset,
1786 3676 1875 3740 qui
1916 3675 1984 3725 de
2027 3672 2335 3740 quibusdam
2387 3670 2559 3721 dixit:

1493 3755 1665 3818 Nugae
1720 3766 1893 3801 merae.
1956 3750 2132 3801 Taciti
2170 3763 2314 3799 mens
2361 3745 2559 3796 Rufum

1494 3831 1660 3893 illum,
1684 3836 1745 3879 ut
1769 3828 1856 3894 qui
1880 3828 1968 3877 diu
2007 3824 2337 3891 manipularis
2371 3821 2564 3872 milita-

1494 3908 1651 3969 verit,
1666 3911 1937 3970 expertum
1953 3909 2109 3968 atque
2122 3901 2391 3950 adsuetum
2400 3897 2566 3949 finisse

1494 3983 1669 4048 operis
1689 3997 1750 4032 ac
1767 3981 1971 4042 laboris,
1987 3979 2124 4043 quod
2147 3975 2453 4040 peregregie
2472 3989 2579 4024 ex-.

1493 4060 1674 4123 primit
1690 4073 1793 4108 vox
1808 4064 1943 4107 vetus
1961 4054 2203 4120 frequens
2221 4051 2424 4101 auctori
2445 4065 2563 4101 nos-

1494 4143 1596 4186 tro.
1664 4136 1776 4185 Lib.
1817 4148 1895 4183 vr.
1930 4134 1947 4162 ‘
1971 4131 2206 4182 scientim
2246 4128 2564 4181 caerimonia·

1492 4228 1706 4278 rumque
1741 4208 1924 4262 vetus!
1991 4207 2111 4257 Lib.
2147 4206 2347 4257 eodem·
2371 4207 2573 4255 “vetus

1493 4287 1781 4353 regnandi!
1848 4286 2048 4336 Histor.
2092 4283 2127 4334 l.
2165 4297 2243 4334 w.
2286 4283 2301 4310 ‘
2326 4280 2564 4332 ieterem

1492 4372 1871 4434 expertumque
1894 4362 2060 4414 belli.2
2121 4362 2281 4427 Cujus
2313 4358 2577 4412 contrari·-
