3009 4942
529 372 706 441 4140

529 537 759 603 quaginta
771 533 972 598 quinque
986 530 1232 592 milliones,
1248 535 1308 579 ut
1328 529 1598 594 loquamur

529 613 636 667 ritu
659 618 713 662 et
748 609 1054 674 compendio
1088 613 1287 656 nostro.
1353 606 1492 658 Quid
1518 606 1593 654 ni-

526 689 686 740 mium
711 702 803 751 pro
827 686 1007 748 opibus
1030 684 1304 734 Romanis?
1335 682 1548 746 Lipsius.

592 765 687 814 Bis
706 770 754 812 et
775 763 916 813 vicies
936 761 1064 810 mille
1086 757 1389 819 Sestertium]
1439 757 1593 805 Fae'r-

527 854 624 895 nus
647 840 873 903 legebat,
894 838 985 887 Bis
1003 841 1052 885 et
1074 835 1218 884 vicies
1238 834 1408 883 millies
1425 840 1594 883 sester-

526 920 667 970 tium.
725 919 959 968 Ursinus.
1048 913 1391 977 Reposuimus
1453 914 1592 962 haud

527 996 770 1059 ambigue
793 1008 965 1044 veram
988 991 1261 1041 lectionem
1285 1007 1298 1039 ε
1353 990 1497 1054 prins
1521 991 1595 1041 le-

526 1072 766 1136 gebatur,
811 1070 885 1119 bis
926 1075 974 1119 et
1011 1068 1156 1118 vicies
1193 1067 1339 1130 mille,
1393 1066 1592 1131 inepte.

525 1149 896 1200 Freinshemius.

599 1225 698 1275 Vix
737 1228 945 1275 decuma
980 1238 1121 1287 super
1153 1222 1390 1287 portiones
1433 1224 1591 1288 nant]

526 1301 920 1366 Castigavimus‚
936 1300 1024 1349 vix
1040 1302 1245 1349 decumoe
1256 1313 1398 1362 supra
1411 1298 1593 1362 portio·

523 1390 604 1431 nes
624 1384 775 1431 erant.
810 1380 1103 1428 Rhenanus,
1168 1376 1233 1426 Id
1268 1384 1366 1439 est,
1391 1378 1477 1425 vix
1500 1377 1591 1425 de-

524 1466 689 1508 cumae
730 1457 997 1521 portiones
1034 1460 1363 1518 supererant.
1401 1454 1595 1503 Ferret·

523 1534 620 1584 ius.
699 1531 1049 1596 Transpositio
1106 1531 1333 1595 poetica.
1401 1531 1589 1594 Virgil-

523 1607 641 1661 AEn.
674 1623 740 1660 11.
796 1612 814 1643 ⁴
837 1611 1059 1674 Jamque
1097 1608 1227 1658 adeo
1266 1621 1424 1672 super
1457 1621 1589 1657 unus

525 1691 702 1739 eram)
734 1687 966 1736 Pit-hena.

588 1764 765 1816 Iisdem
786 1780 899 1827 erga
920 1765 1076 1814 alienu
1105 1761 1387 1826 sumptibus]
1434 1760 1594 1811 Vide-

522 1845 613 1891 tur
670 1841 798 1891 illud
859 1856 973 1903 erga
1029 1839 1311 1889 abundare.
1373 1839 1593 1890 Ursinus.

523 1917 690 1969 Delet
726 1919 923 1969 Muret.
960 1933 1104 1980 erga.-
1134 1931 1237 1967 non
1266 1931 1455 1981 magna
1476 1930 1590 1966 sen·

521 1995 705 2047 tentiae
724 1996 817 2046 sed
838 2003 1115 2047 structurae
1137 1996 1359 2044 maxima
1381 1995 1589 2058 injuria.

522 2071 751 2135 Sumptus
768 2088 885 2135 erga
917 2073 1088 2135 aliena,
1120 2087 1223 2122 non
1261 2072 1467 2123 insolita
1488 2072 1591 2122 Ta-

521 2147 629 2198 cito
652 2149 830 2200 dictio.
861 2151 1126 2201 Acidalius.

585 2227 847 2277 Exoctioni
877 2241 1017 2278 xxx.
1039 2228 1214 2292 equites
1246 2227 1385 2276 Rom.
1405 2241 1589 2290 praepm

517 2304 627 2368 siti]
679 2306 952 2355 Suetonius
993 2306 1068 2354 ait
1108 2303 1271 2354 fuisse
1311 2301 1589 2367 praefectos

522 2382 909 2447 quinquaginta.
951 2382 1109 2433 Galb.
1148 2387 1230 2432 15.
1292 2380 1588 2432 Vei-cranius.

519 2456 688 2508 Notat
706 2459 912 2523 Lipsius
937 2460 990 2509 in
1006 2461 1222 2509 Sueton.
1240 2458 1587 2522 quinquaginta

519 2547 669 2596 esse;
703 2549 798 2585 nec
819 2536 1017 2600 liquere
1039 2536 1139 2585 sibi
1162 2535 1237 2585 ait
1260 2535 1325 2584 de
1346 2537 1588 2586 veritate.

521 2611 644 2662 Non
677 2611 917 2676 equidem
954 2620 1010 2663 et
1042 2613 1200 2675 mihi;
1251 2612 1344 2663 sed
1375 2613 1587 2663 credam

515 2687 892 2741 Suetonianum
927 2690 1121 2753 verius,
1163 2693 1261 2742 διο.
1294 2689 1587 2756 *quinqua-

519 2764 667 2829 ginta
701 2768 865 2831 magis
904 2767 1125 2818 suadent
1158 2782 1314 2832 quam
1353 2767 1588 2831 triginta,

517 2855 736 2894 numero
747 2859 849 2894 non
862 2844 993 2894 adeo
1002 2845 1213 2894 enormi.
1225 2844 1384 2896 Simul
1398 2852 1451 2895 et
1463 2858 1587 2895 eon·

510 2920 777 2985 jecturam
807 2922 1036 2987 ejusdem
1070 2922 1236 2986 Lipsii
1251 2923 1460 2986 juvant,
1482 2923 1586 2974 imo

520 2998 674 3065 plane
686 2999 908 3064 firmant,
928 3001 982 3050 in
1005 3001 1119 3050 loco
1138 3001 1425 3065 superiore:
1452 3002 1468 3030 ‘
1490 3002 1587 3051 Bis

520 3081 577 3129 et
594 3077 747 3126 vicies
762 3078 902 3127 mille
917 3076 1212 3128 sestertium
1226 3076 1587 3128 donationibus

519 3149 669 3202 Nero
690 3150 985 3204 effuderat)
1051 3152 1154 3202 Ubi
1172 3152 1341 3202 millies
1361 3153 1586 3217 reponit,

513 3226 720 3279 ratione
760 3229 909 3279 valde
942 3235 1305 3279 consentanea.
1369 3229 1424 3279 Si
1446 3230 1584 3278 enim

515 3310 823 3354 exactorum
843 3319 1086 3354 numerus
1108 3310 1213 3354 tam
1248 3304 1476 3368 grandis,
1494 3318 1584 3354 ne-

516 3393 658 3433 cesse
685 3387 774 3431 est
804 3389 861 3433 et
894 3396 1142 3434 summam
1172 3382 1449 3431 vastiorem
1473 3381 1584 3432 Ne-

515 3458 743 3513 ronianae
768 3457 1095 3522 profusionis.
1130 3458 1398 3508 Acidalius.

580 3535 800 3605 Inquietn
817 3536 929 3585 urbs
944 3536 1225 3600 actionibus]
1257 3536 1453 3599 Malim,
1472 3552 1582 3586 ouc-

514 3610 753 3661 tionibns:
806 3626 924 3663 nam
957 3628 1078 3664 mox
1105 3613 1376 3677 proecedit,
1411 3614 1584 3678 ubique

515 3687 654 3743 husto
703 3693 753 3738 et
791 3694 961 3739 sector.
1019 3689 1310 3740 Rhenanus.
1399 3689 1582 3741 Malim

511 3766 822 3819 auctionibus.
893 3767 1181 3816 Ferrettus.
1279 3767 1583 3831 Legendum

400 3874 409 3882 ·
513 3843 824 3907 auctionibus,
844 3850 907 3893 ea
939 3856 1060 3909 quae·
1094 3844 1583 3908 praecedunt,hasta

512 3925 561 3971 et
595 3925 768 3986 sector,
800 3921 1048 3971 Rhenano
1090 3928 1147 3971 et
1194 3922 1433 3970 Ferretto
1465 3935 1581 3971 sua-

515 4011 664 4049 sere:
733 3999 820 4048 bic
864 4007 1007 4049 certe
1045 3998 1290 4048 mendum
1332 3999 1428 4048 hoc
1470 4004 1579 4049 tam

513 4071 687 4137 facile,
712 4090 870 4139 quarn
901 4074 1098 4139 triplici
1127 4077 1245 4126 loco
1267 4076 1321 4126 in
1341 4075 1580 4126 Pandec·

513 4150 586 4201 tis
619 4152 857 4201 similiter
893 4151 1215 4215 obrepserat.
1283 4154 1581 4204 Ver-ironias.

509 4224 745 4281 Faernus
801 4227 1132 4288 emendabat,
1197 4231 1417 4294 Inquietn
1467 4232 1583 4281 urbs

514 4302 804 4375 auctoribus,
835 4305 916 4367 4⁴⁶·
935 4317 1038 4359 uon
1059 4305 1341 4368 actionibus,
1372 4314 1432 4362 ut
1463 4316 1581 4361 erat

1237 385 1452 435 ›101⁸AE
1503 380 1908 434 vARmRUM
1956 384 2038 433 IN

1670 527 1725 577 in
1744 527 1985 591 vulgatis.
2028 527 2245 577 Ursinus.

1735 607 1839 656 Nec
1858 607 2116 656 remedium
2136 610 2188 655 in
2209 610 2386 655 ceteros
2404 594 2541 668 fuit]
2579 605 2736 655 Exci-

1668 682 1748 733 dit
1771 684 1956 733 vocula
1978 684 2047 748 id,
2069 698 2222 748 quam
2262 697 2491 747 repono.
2541 683 2649 733 Nec
2681 683 2735 733 id

1665 761 1940 821 remedium,
1960 764 2042 824 ᾄτ.
2078 759 2365 810 Acidalius.

1733 838 1868 887 CAP.
1913 841 1995 887 21.
2051 838 2284 886 Othonem
2338 812 2737 886 exstimulabant.

1665 916 1880 979 maria]
1914 917 2070 965 Verae
2105 917 2184 965 hae
2215 916 2557 966 mutationum
2589 928 2735 966 caus-

1664 1010 1764 1044 sae:
1783 1002 1840 1044 et
1857 993 2145 1059 prudenter
2160 993 2474 1044 Aristoteles
2488 1008 2579 1042 eas
2597 993 2738 1055 inge-

1665 1071 1735 1121 rit
1775 1072 1933 1120 Polit.
1964 1085 2019 1122 V.
2074 1070 2319 1132 Γίγνονται
2358 1069 2414 1120 δὲ
2445 1068 2734 1132 μεταβολαὶ,

1663 1148 1742 1196 καὶ
1763 1146 1878 1197 ὅταν
1900 1147 2178 1197 ἀναλώσωσι
2199 1148 2263 1197 τὰ
2281 1147 2378 1196 ἴδια
2399 1145 2577 1210 ζῶντες
2594 1146 2741 1195 ἀσελ-

1661 1228 1774 1288 765.
1861 1225 1953 1274 Kal
1991 1225 2087 1290 γὰρ
2122 1226 2168 1276 οἱ
2207 1226 2410 1275 ‘rotot‘n'ot
2442 1226 2739 1285 καινοτομεῖν

1663 1302 1876 1367 ζητοῦσι,
1892 1304 1971 1353 καὶ
1985 1303 2018 1363 ἣ
2036 1304 2268 1368 τυραννίδι
2284 1303 2569 1354 ἐπιτίθενται
2586 1303 2736 1366 αὐτοὶ,

1661 1380 1694 1440 ἣ
1714 1379 2140 1444 κατ-(σκευάζουσιν
2156 1379 2345 1445 &repom
2400 1380 2561 1431 Fiunt
2581 1385 2733 1430 muia-

1662 1459 1817 1509 tiones
1856 1475 1962 1509 cion
1991 1473 2081 1523 per
2123 1461 2287 1509 hum
2334 1472 2421 1507 sna
2454 1457 2754 1520 prodigunt„

1665 1536 1801 1585 Tales
1838 1536 1964 1585 enim
1995 1537 2220 1585 innovare
2249 1537 2407 1584 omnia
2435 1536 2648 1597 Μαι,
2685 1538 2731 1582 et

1662 1621 1749 1666 ant
1785 1616 1880 1666 sibi
1912 1619 2211 1681 tyrannidem
2243 1620 2328 1665 ant
2366 1616 2513 1664 alteri
2545 1628 2732 1677 pomi-e.

1664 1693 1713 1744 Ο
1732 1694 2229 1760 veriloqdium,quod
2250 1693 2448 1743 utinam
2467 1692 2733 1756 principes

1662 1771 1938 1835 imbibant,
1958 1778 2015 1822 et
2037 1771 2440 1836 corruptissimis
2457 1769 2616 1819 hodie
2635 1780 2737 1819 me·
2786 1788 2791 1795 ·

1663 1849 1806 1899 ribus
1828 1849 2136 1898 advertant!
2172 1848 2378 1912 Lipsius.

1725 1927 2093 1990 Proegravemse
2106 1927 2288 1976 Neroni
2288 1926 2470 1990 fuisse]
2486 1923 2731 1974 Budense

1662 2005 1924 2068 volumen,
1967 2003 2032 2055 Se
2088 2005 2272 2054 Neroni
2315 2016 2516 2066 gravem
2564 1998 2734 2062 fuisse.

1662 2081 1965 2134 Rhenanus.

1725 2159 1943 2209 Alterius
1958 2160 2096 2209 exilii
2107 2158 2346 2221 honorem]
2371 2159 2448 2207 Re
2454 2156 2733 2221 posuimus,

1658 2241 1744 2286 aet
1761 2237 1958 2286 alteria
1971 2235 2108 2286 exilii
2126 2237 2362 2286 honorem.
2395 2235 2568 2286 Idem.

1728 2315 1897 2365 Occidi
1921 2316 2154 2366 Othonem
2176 2316 2336 2380 posse]
2383 2313 2508 2364 Aut.
2532 2313 2732 2378 Augus·

1661 2393 1798 2442 tinus
1840 2394 2081 2459 legebat:
2135 2393 2283 2443 occidi
2320 2393 2543 2443 Pisonem
2580 2402 2728 2456 posse.

1661 2472 1897 2521 Ursinus.

1727 2550 1955 2599 Nondum
1975 2549 2246 2613 maluisset]
2284 2549 2390 2600 Seu
2414 2548 2606 2614 potius,
2626 2562 2727 2598 con·

1659 2625 1894 2676 voluioeet.
1959 2625 2046 2676 Ad
2069 2627 2329 2677 Velle-ium
2349 2626 2415 2675 de
2449 2626 2549 2676 hoc
2574 2624 2729 2675 verbo

1659 2702 1751 2753 lib.
1773 2717 1847 2753 ιι
1861 2707 1947 2753 48.
1980 2703 2253 2754 Acidaliae.

1723 2779 1945 2829 Act-ioris
1957 2780 2054 2829 oiri
2072 2780 2194 2844 esse]
2242 2780 2390 2830 Istud
2417 2780 2620 2830 acrioris
2646 2778 2727 2829 bie

1618 2870 1628 2883 ·
1660 2869 1744 2904 me
1761 2856 1968 2906 nimium
1992 2855 2242 2907 offendit·
2277 2857 2526 2908 libentius
2548 2858 2727 2920 ntique

1660 2933 1954 2997 scripsisset
1974 2935 2200 2998 Tacitus,
2221 2934 2264 2983 si
2288 2933 2414 2997 quid
2439 2933 2615 2994 video,
2637 2930 2728 2984 oiri

1660 3024 1788 3060 esse.-
1820 3012 2013 3076 quippe
2034 3011 2088 3060 in
2116 3025 2219 3076 quo
2253 3024 2406 3061 omne
2429 3010 2567 3059 dicti
2604 3022 2726 3074 pon·

1660 3085 1758 3136 dus
1779 3087 2030 3143 consistit.
2085 3087 2199 3137 viri
2221 3087 2357 3137 enim
2378 3086 2727 3151 appellatione

1659 3163 1784 3213 satis
1817 3179 2104 3229 monemur,
2160 3179 2235 3219 ne.
2287 3163 2414 3229 quid
2458 3163 2722 3227 indignum

1657 3247 2016 3304 perpetremus
2040 3250 2131 3291 aut
2152 3240 2526 3305 effeminatum,
2547 3255 2650 3306 qua
2671 3246 2724 3289 et

1657 3332 1818 3382 snpra
1860 3332 1977 3372 xrv.
2018 3323 2099 3369 36.
2124 3317 2506 3387 efficacissime·
2536 3318 2727 3368 utitur:

1653 3394 1866 3445 viverent
1883 3396 1979 3445 oiri
1991 3401 2040 3446 et
2058 3398 2307 3446 servirent.
2371 3396 2612 3446 Sallustii
2632 3395 2724 3446 Ca·

1658 3472 1837 3535 tilina;
1868 3474 1912 3523 si
1945 3475 2040 3523 viri
2066 3458 2164 3524 esse
2195 3474 2360 3524 valtis.
2430 3474 2639 3537 Nempe
2661 3485 2723 3522 ea

1656 3564 1762 3601 vox
1784 3552 1896 3601 sola
1933 3549 2360 3616 significationem
2380 3549 2546 3600 habet
2581 3547 2724 3601 forti-

1656 3627 1867 3691 tudinis,
1879 3643 2050 3693 neque
2071 3627 2256 3693 putida
2274 3627 2576 3692 adjectione
2598 3640 2725 3691 opus

1656 3710 1757 3754 est.
1822 3703 1961 3755 Vide
1983 3720 2101 3771 quae
2123 3706 2192 3755 de
2225 3705 2316 3754 illa
2344 3705 2639 3755 notavimus
2658 3716 2723 3753 ex

1656 3781 1831 3843 Fioro,
1888 3782 1944 3832 in
1998 3782 2178 3833 indice
2229 3782 2432 3832 auctori
2493 3781 2718 3845 adjecto.

1655 3857 1877 3909 Proinde.

1720 3935 1858 3986 CAR.
1890 3940 1974 3987 22.
2008 3939 2123 3987 Non
2151 3942 2256 3987 erat
2306 3936 2514 3986 Othonis
2550 3930 2717 3997 mollis]

1654 4011 1800 4061 Bene
1819 4013 1913 4063 sed
1946 4012 2086 4064 forte
2109 4014 2311 4075 melius,
2334 4021 2391 4063 et
2410 4014 2603 4064 'l'acito
2618 4026 2717 4063 ma·

1654 4087 1732 4153 gis
1755 4091 2041 4154 proprium,
2063 4091 2256 4140 Othoni.
2294 4090 2545 4141 Picbena.

1719 4167 1994 4230 Adulter-ia,
2013 4166 2340 4230 matrimonia]
2392 4165 2576 4216 Codex
2614 4174 2717 4214 maJ

1653 4245 2053 4295 nuscr.odultern
2066 4244 2386 4293 nutrimonia.
2421 4243 2710 4291 Rhenanus.

1653 4316 1814 4385 Apud
1834 4320 2139 4372 Suetonium
2160 4321 2281 4387 lego
2309 4320 2451 4370 inter
2469 4317 2578 4382 illa,
2600 4322 2715 4384 quw
