3009 4942
884 412 1030 465 Lm.
1079 415 1158 464 11.
1203 415 1370 466 cAP.
1413 397 1522 465 83.
1566 415 2005 465 ANNAmuM.

336 575 442 616 rum
451 560 508 610 in
521 566 745 613 externae
758 566 914 613 terras
927 562 1205 624 relegatum.
1231 558 1405 624 Adde,

338 636 476 700 quod
521 638 661 700 apud
705 644 911 694 veteres
958 644 1194 686 extrema
1230 637 1403 700 potius

334 713 626 777 saepiusque
666 714 909 763 dicantur
944 715 1056 764 loca
1080 708 1403 778 Septentrio-

335 789 412 837 nis
433 797 490 839 et
513 791 841 851 Occidentis,
863 805 1016 854 qnam
1051 791 1305 851 Orientis,
1327 797 1403 853 ut,

334 867 615 919 .‘.Extremi
639 869 898 917 hominum
923 867 1160 930 Morini;'
1195 875 1249 915 et
1266 867 1403 930 ejus-

335 943 476 995 modi
499 945 617 992 alia.
674 946 785 997 Iino
820 954 1069 994 extremm
1098 945 1211 997 fere
1241 952 1400 994 terrae

335 1019 585 1071 dicuntur
605 1023 817 1084 ultimae,
841 1030 963 1084 post
1003 1037 1129 1086 quas
1158 1024 1273 1071 aliae
1298 1034 1400 1070 non

334 1102 551 1146 restant.
603 1097 666 1145 In
700 1112 850 1159 quam
892 1112 1001 1147 rem
1038 1098 1261 1161 plurima
1289 1098 1401 1160 ipse

332 1172 552 1222 Tacitus
575 1171 763 1224 sufficit
779 1174 1036 1238 exempla.
1069 1174 1201 1225 Vide
1217 1173 1404 1237 Agric.

332 1249 514 1301 vitam.
565 1251 889 1301 Boxhoruius.
957 1252 1216 1300 Extremas
1250 1255 1403 1300 terras

334 1327 573 1391 intellige
597 1328 802 1390 imperii
832 1328 1070 1377 Romani.
1121 1327 1299 1375 Florus
1322 1340 1400 1376 lv.

335 1408 381 1455 1.
421 1405 437 1431 ‘
460 1405 598 1469 quod
630 1405 682 1453 in
717 1404 964 1454 extremis
1003 1403 1191 1459 finibus
1222 1404 1401 1454 mundi

331 1496 476 1533 arma
497 1483 730 1533 Romana
764 1479 1261 1545 peregrinabantur.’
1318 1481 1402 1530 Ci-

332 1573 453 1620 cero
478 1560 544 1609 ad
580 1558 799 1608 fratrem
838 1573 878 1608 1.
918 1564 965 1608 l.
1005 1558 1168 1608 ‘Non
1204 1557 1401 1620 ignoro,

336 1636 458 1700 quid
490 1636 643 1685 sociis
673 1636 879 1687 accidat
920 1636 972 1683 in
1010 1634 1205 1685 ultimis
1229 1635 1400 1697 terris,

332 1727 448 1761 cnm
506 1712 790 1762 audiverim
846 1712 900 1761 in
956 1711 1113 1763 Italia
1162 1710 1402 1774 querelas

333 1789 564 1840 civium.'

330 1867 561 1928 cumis,
585 1867 688 1916 alia
707 1868 843 1915 ratio
866 1873 976 1916 est..
1021 1866 1299 1915 Gronovius.

396 1944 533 1994 Cu».
556 1948 638 1994 83.
672 1945 857 1993 Saliari
889 1942 1120 2005 carmine]
1165 1943 1266 1991 His
1288 1956 1399 1992 car-

329 2019 556 2071 minibus
611 2020 863 2069 nominari
911 2018 1076 2069 ,valde
1129 2018 1396 2067 laudabile

331 2103 464 2146 erat.
521 2096 609 2146 sie
655 2097 926 2147 Plutarch.
967 2095 1019 2144 in
1069 2096 1260 2144 Numa.
1325 2097 1397 2145 Et

330 2174 554 2235 Servius·
581 2174 633 2221 in
658 2174 773 2222 AEn.
796 2187 921 2222 vm.
940 2172 954 2200 ‘
980 2174 1191 2222 Famam
1214 2172 1394 2235 cupit,'

332 2250 424 2310 ait,
464 2251 479 2277 ‘
508 2265 603 2314 pro
646 2265 826 2313 opera,
865 2249 1129 2312 videlicet,
1156 2250 1293 2315 quod
1317 2256 1396 2299 est

331 2335 508 2377 votum
534 2327 809 2391 illustrium
826 2326 1085 2376 virorum.’
1133 2328 1301 2374 Varro
1324 2332 1397 2374 ta·

330 2418 450 2469 men
491 2405 569 2454 ait
601 2405 784 2469 Salios,
820 2405 908 2470 qui
943 2411 1161 2455 cautant
1196 2406 1397 2454 Mamu-

329 2482 463 2531 rium
506 2482 800 2544 Veturium,
838 2482 1133 2546 sIgnificare
1168 2489 1396 2530 veterem

331 2558 652 2608 memoriam.
706 2559 838 2610 Quae
866 2558 1047 2622 aliquis
1069 2557 1398 2621 γραμματικώ-

329 2652 461 2699 τερος
482 2635 847 2697 composuerit,
866 2649 966 2683 non
990 2649 1106 2698 ego.
1154 2635 1397 2684 Aurelius.

400 2713 624 2769 Querceoe
663 2706 847 2761 coronoe
897 2711 1237 2774 statuerentur]
1312 2713 1398 2762 De

330 2789 432 2839 hoc
472 2789 703 2853 ponendi
748 2803 963 2838 coronas
1003 2803 1276 2853 querceae,
1315 2788 1398 2837 vel

330 2869 485 2918 etiam
538 2882 724 2916 aureas
775 2879 931 2930 super
996 2867 1200 2917 curules
1243 2866 1397 2914 sellas

332 2947 547 3012 antiqno
570 2960 732 3009 more,
769 2951 828 2995 et
870 2951 1075 2994 veteres
1113 2944 1397 3007 scriptores

331 3025 699 3085 meminerunt,
722 3030 778 3073 et
793 3036 857 3071 ex
882 3021 1144 3085 argenteis
1171 3021 1398 3071 denariis

332 3107 561 3165 constat,
600 3101 654 3150 iu
692 3100 877 3164 quibus
915 3099 1060 3147 selloe
1104 3098 1395 3163 hujusmodi

333 3177 747 3242 superimpositis
816 3175 1019 3236 coronis
1092 3173 1397 3238 significatae

331 3263 487 3315 sunt:
524 3263 581 3305 et
625 3253 843 3305 fortasse
864 3250 1112 3303 denarius
1150 3252 1398 3315 Augusti,

333 3335 388 3384 in
430 3335 595 3398 cujus-
618 3334 787 3383 altera
819 3338 991 3394 parte,
1034 3330 1164 3378 sella
1206 3330 1399 3380 curulis

332 3412 557 3463 habetur
596 3425 714 3460 cum
744 3409 943 3459 duabus
967 3407 1190 3469 coronis,
1221 3408 1286 3456 ad
1310 3407 1399 3456 ho-

332 3504 512 3543 norem
536 3485 998 3552 pertinet⁸Coesari
1020 3485 1310 3547 decretum,
1331 3484 1400 3533 de

335 3583 437 3632 qno
479 3568 557 3617 ita
617 3565 726 3614 Dio
766 3564 801 3612 l.
850 3576 1000 3612 xciv,
1049 3558 1399 3623 flimicrwro,

333 3643 523 3710 inquit,
557 3640 643 3692 τόν
672 3659 730 3691 τε
759 3639 921 3704 δίφρον
941 3639 1086 3688 αὐτοῦ
1104 3637 1191 3687 τὸν
1211 3635 1401 3700 &rixav-

333 3737 422 3771 σον
449 3718 518 3770 ‹ls
537 3718 603 3768 τὰ
618 3716 815 3781 vias-pa,
836 3717 913 3769 καὶ
942 3714 1028 3764 τὸν
1043 3713 1295 3777 στέφανον,
1314 3712 1401 3761 τὸν

332 3795 562 3856 διάλιθον,
641 3796 723 3844 καὶ
795 3792 1049 3855 διάχρυσον
1109 3788 1398 3852 εἰσάγεσθαι.

333 3872 524 3938 ltaque
546 3873 692 3920 sellae
713 3871 882 3934 curuli
918 3872 970 3918 in
1006 3884 1072 3919 eo
1093 3868 1303 3929 denario
1326 3869 1399 3919 in-

335 3950 588 4012 scriptum
648 3954 747 4011 est,
808 3959 1018 3996 cama.
1073 3958 1188 3995 mc.
1235 3958 1398 3997 rm.

342 4027 559 4076 Ursinus.

335 4148 338 4151 ,
397 4102 555 4153 Arcus
610 4100 789 4165 additi]
867 4101 956 4150 De
1007 4097 1125 4149 istis
1175 4097 1398 4147 arcubus

333 4180 478 4231 Suet.
514 4178 711 4229 Claud..
733 4191 772 4225 1.
810 4179 825 4204 ‘
868 4176 1140 4224 Praeterea
1177 4178 1400 4225 Senatus

338 4255 474 4307 inter
495 4255 601 4304 alia
633 4253 904 4316 complura
923 4265 1279 4312 ‚marmoreum
1322 4264 1401 4301 ar·-

337 4346 460 4387 sum
477 4328 826 4396 cumtropaeis
850 4328 935 4381 via
951 4327 1130 4394 Appia
1150 4326 1405 4394 decrevit,

634 1791 908 1850 Locorum,
952 1803 1067 1852 qnae
1107 1785 1262 1837 affert
1302 1802 1417 1851 pro·

1476 565 1534 610 et
1567 559 1865 609 Germanici
1903 570 2186 622 cognomen
2229 554 2331 620 ipsi
2369 561 2541 620 poste·

1476 637 1654 701 risque
1675 638 1787 699 ejus
1804 635 1984 685 dedit!
2050 634 2290 684 Aurelius.

1543 714 1603 762 Iu
1659 718 1813 762 moute
1873 711 2029 776 Syria·
2089 709 2295 772 Amano]
2361 709 2539 761 Ptole-

1477 802 1639 838 maeus
1690 803 1808 838 eum
1870 788 1920 837 in
1972 788 2158 838 Cilicia
2214 786 2379 850 ponit.
2425 786 2538 837 Cic-

1476 866 1644 928 Epist.
1671 865 1735 914 ad
1761 866 1877 916 Att.
1900 867 1934 915 l.
1959 880 2010 915 v.
2033 870 2081 914 5.
2113 868 2127 892 ‘
2148 864 2281 913 Inde
2299 863 2363 911 ad
2385 863 2538 912 Ama·

1474 955 1594 990 num
1640 942 1907 1002 contendi,
1940 942 2031 1005 qui
2070 941 2269 1004 Syriam
2300 954 2331 988 a
2354 939 2540 989 Cilicia

1474 1094 1598 1146 fam.
1620 1111 1706 1160 ep.
1729 1110 1791 1145 11.
1820 1101 1898 1145 10.
1947 1097 2082 1145 Mur.
2368 1150 2375 1159 .

1545 1175 1773 1225 Tribuuud
1839 1174 2137 1238 Epidaphnae]
2215 1174 2356 1222 Plin.
2402 1172 2437 1221 l.
2479 1185 2536 1226 V.

1474 1255 1558 1301 21.
1625 1252 1958 1315 Epidaphnes
1996 1252 2174 1301 scribit
2205 1265 2317 1299 esse
2352 1263 2539 1312 cogno-

1475 1344 1594 1378 men
1619 1328 1929 1379 Antiochiae.
1996 1329 2106 1391 Ego
2137 1327 2399 1390 regionem
2423 1326 2537 1389 ejus

1477 1405 1619 1454 urbis
1661 1403 1821 1455 fuisse
1865 1406 2103 1454 arbitror.
2170 1405 2405 1454 Muretus.
2471 1402 2534 1453 In

1474 1498 1612 1533 oereo
1631 1484 1954 1539 numismate,
1984 1482 2121 1548 quod
2148 1488 2248 1535 ‚est
2270 1481 2409 1545 apud
2433 1495 2536 1543 me,

1473 1567 1829 1611 ANTIOXEQN
1881 1567 2006 1609 ΤΩΝ
2079 1564 2412 1620 ΕΠῙΔΑΦΝΗ,
2462 1558 2537 1607 ἰη-

1474 1626 1739 1703 scriptum*
1772 1644 1870 1701 est,
1915 1636 2051 1701 quod
2092 1636 2223 1686 facit
2259 1636 2324 1684 ad
2367 1634 2538 1685 Taciti

1474 1716 1661 1766 locum.
1723 1716 1939 1764 Ursinus.
2028 1714 2186 1764 Liber
2253 1714 2429 1762 Maeli.
2472 1725 2536 1763 11.

1473 1807 1523 1842 c.
1547 1797 1598 1842 4.
1633 1793 1708 1842 sic
1729 1793 1919 1842 habet:
1952 1792 1969 1821 ‘
2006 1792 2130 1855 Ipse
2168 1792 2281 1839 loco
2319 1795 2435 1839 tuto
2476 1803 2533 1837 se

1473 1871 1764 1931 continens,
1820 1868 2111 1918 Antiochiae
2157 1882 2306 1916 secus
2353 1865 2535 1929 Daphv

1472 1945 1625 1995 nem?
1692 1947 1763 1995 Et
1796 1953 1976 1994 noster
2004 1945 2121 1994 heic
2142 1941 2446 1993 Antiochiam
2466 1941 2533 1991 ab

1474 2023 1754 2086 Epidaphnae
1787 2022 2040 2085 disparat,
2096 2036 2213 2071 cum
2252 2021 2345 2079 ait,
2379 2017 2537 2070 ‘An-

1475 2100 1677 2151 tiochiae
1731 2099 2080 2162 sepulchrum,
2139 2096 2366 2146 tribunal
2409 2093 2534 2158 Epi-

1471 2176 1677 2241 daphue
1700 2175 1959 2240 positum!
2026 2174 2334 2237 Epidaphne
2357 2176 2533 2220 autem

1472 2269 1595 2318 pars
1635 2260 1737 2314 cst,
1774 2260 1829 2303 et
1880 2251 2175 2302 suburbium
2220 2247 2531 2308 Antiochiae.

1472 2333 1544 2381 Et
1613 2329 1900 2381 Antiocliiae
1983 2334 2139 2392 porta
2208 2329 2341 2385 erat,
2415 2336 2532 2387 quae
2602 2320 2605 2325 '

1473 2407 1700 2469 Daphne
1739 2406 2035 2464 dicebatur3
2066 2417 2173 2467 qua
2192 2401 2395 2450 scilicet
2433 2399 2535 2446 iter

1473 2491 1590 2533 erat
1613 2485 1678 2532 ad
1702 2484 1993 2546 Daphnem,
2011 2480 2076 2528 de
2102 2493 2203 2542 qua
2226 2477 2291 2526 D.
2316 2475 2535 2524 Hieron.

1475 2562 1529 2610 in
1565 2562 1669 2610 vita
1710 2562 1779 2610 D.
1829 2558 2045 2622 Ignatii,
2083 2554 2333 2616 catalogo
2374 2549 2537 2614 scrip*

1474 2647 1647 2688 torum
1688 2638 1891 2687 Eccles.
1924 2634 2026 2683 Dio
2047 2635 2084 2682 l.
2124 2645 2197 2682 m.
2219 2630 2284 2679 de
2305 2627 2534 2695 Daphne

1476 2715 1721 2764 suburbio
1739 2711 2033 2763 Antiochiae
2049 2706 2363 2758 mentionem
2388 2702 2536 2755 facit.

1475 2793 1547 2842 Et
1570 2791 1815 2841 Libanius
1839 2787 2048 2851 scripsit
2083 2785 2148 2833 de
2176 2780 2398 2846 Daphne
2424 2792 2574 2829 ora-⁵

1473 2869 1668 2918 tionem
1694 2867 2024 2925 luculentam,
2057 2876 2208 2926 quam
2240 2857 2422 2907 laudat
2441 2856 2534 2907 Ju-

1471 2946 1639 3014 lianus
1691 2944 1922 2993 scribens
1986 2940 2052 2990 ad
2116 2951 2250 2986 eum.
2332 2931 2535 2983 Auctor

1472 3036 1675 3087 quoque
1715 3019 2004 3083 Egesippus
2051 3017 2086 3066 l.
2121 3027 2208 3063 ιιι.
2248 3018 2294 3062 6.
2360 3011 2535 3073 Daph-

1472 3115 1591 3151 nem
1629 3098 1767 3149 istud
1797 3095 2098 3147 suburbium
2135 3090 2319 3140 scribit
2341 3087 2537 3151 vocari,

1472 3176 1610 3241 quod
1648 3180 1956 3239 perpetuam
1984 3171 2177 3220 habeat
2196 3167 2535 3225 viriditatem.

1473 3255 1704 3318 Eamque
1756 3250 2011 3300 describit
2063 3247 2329 3307 eleganter
2384 3244 2538 3294 Sozo-

1474 3346 1654 3381 menus
1677 3332 1712 3379 l.
1737 3344 1790 3380 v.
1814 3332 1894 3377 18.
1911 3327 2090 3377 histor.
2122 3324 2324 3374 Eccles.
2357 3321 2546 3384 aitque,

1477 3410 1673 3472 templo
1725 3404 1989 3470 Apollinis„
2020 3408 2077 3452 et
2132 3400 2340 3455 oraculo
2385 3396 2537 3447 valde

1475 3484 1886 3537 commendatam
1922 3478 2081 3529 fuisse
2111 3476 2248 3540 apud
2289 3485 2538 3538 paganos-

1476 3562 1676 3613 Narrat
1697 3567 1754 3610 et
1784 3559 1837 3606 in
1876 3572 1937 3605 eo
1961 3558 2129 3605 lucum
2165 3554 2434 3615 Daphnes,
2469 3548 2538 3601 do

1474 3653 1578 3702 quo
1623 3651 1703 3687 11.
1753 3635 1889 3697 libro
1935 3634 2063 3684 Cod.
2116 3634 2131 3660 ‘
2175 3630 2240 3678 dc
2280 3627 2538 3692 cupressis

1475 3730 1543 3767 ex
1567 3716 1683 3764 luco
1707 3710 1994 3776 Daphnes?
2058 3710 2128 3759 Et
2158 3706 2411 3757 credibile
2436 3709 2540 3767 est,

1475 3806 1731 3841 amoenum
1779 3787 1917 3838 istud
1971 3785 2351 3844 suburbanum,
2404 3780 2537 3829 Ger-

1474 3868 1732 3917 manicum
1775 3866 1994 3915 subiisse
2039 3864 2091 3911 in
2144 3860 2360 3910 adversa
2400 3856 2538 3904 vale-

1474 3946 1676 4007 tudine,
1716 3944 1768 3992 iu
1796 3957 1898 4006 quo
1936 3941 2132 3989 Balista
2164 3950 2295 3985 unus
2319 3949 2381 3982 ex
2406 3947 2534 3983 xxx.

1474 4021 1710 4084 tyrannis
1766 4032 1944 4082 agrum
2001 4013 2196 4072 habuit,
2242 4018 2302 4060 ut
2354 4008 2537 4073 scribit

1474 4098 1798 4161 Spartianus.
1865 4091 2111 4145 Quamvis
2176 4096 2347 4138 autem
2409 4087 2536 4137 Sue-

1478 4174 1648 4224 tonius
1669 4174 1810 4223 dicat
1829 4169 2098 4221 Antiochia
2118 4166 2307 4230 obiisse,
2344 4171 2400 4225 et
2420 4180 2536 4231 nos7

1476 4261 1560 4305 ter
1603 4250 1916 4317 Epidaphne5
1969 4247 2113 4296 idem
2159 4251 2263 4310 est.
2325 4242 2541 4310 Quippe.

1475 4328 1683 4381 nomine
1716 4325 1878 4390 urbis,
1921 4322 2080 4378 etiam
2126 4319 2375 4385 suburbia
2416 4332 2539 4377 eon-2
