3009 4942
786 389 932 441 mn.
980 373 1430 441 11.·oA1·.-11.
1477 388 2039 442 maronianum,

306 533 795 597 monimum
813 532 1266 587 Senatuscousulti
1282 532 1376 587 eti·

312 626 418 674 un,
437 626 542 663 nun
561 611 843 675 terriculis,
864 610 959 661 sed
989 611 1041 659 vi
1062 610 1377 676 eloquentia

305 696 364 739 et
406 689 588 753 gratiae
627 703 733 740 snae
779 687 1134 739 annitebatur.
1192 687 1378 736 Grono-

306 779 431 815 vius.

378 842 706 906 Traxeratqsoe
724 857 947 905 maguam
960 847 1150 892 malas
1167 843 1377 908 meni]

308 917 596 982 Exemplar
618 920 841 983 regium,
862 920 1184 984 numeratque
1205 922 1381 983 magis-

303 999 532 1059 tratusp.
569 995 733 1051 Rhen-

383 1071 514 1122 Dedi
550 1073 613 1121 od
654 1071 857 1122 exitium
888 1073 1208 1137 postularent]
1297 1073 1381 1124 Sic

304 1147 541 1199 Florent.
575 1148 766 1213 Vulgo,
785 1151 1064 1214 postularet.
1100 1150 1250 1201 Pich.

357 1225 585 1282 Quamuis
597 1225 839 1292 infirmum
853 1232 900 1276 et
918 1229 1180 1293 nooentem]
1203 1227 1380 1293 ‚Scrip-

307 1300 489 1365 simus,
530 1301 759 1358 Quemvis
793 1303 997 1353 invisam
1025 1320 1086 1354 sc
1121 1311 1377 1357 uocantem.

310 1377 482 1433 Rhea.

379 1453 730 1518 Meminerant]
811 1456 978 1519 Tacit.
1025 1457 1165 1508 Hist.
1208 1471 1284 1508 ιν.
1328 1457 1380 1507 ἰιι

309 1533 548 1584 oratione
592 1532 765 1583 Curtii
804 1533 1082 1596 Montaui5
1125 1540 1183 1599 et
1224 1535 1379 1598 paulo

308 1615 450 1673 post,
504 1607 591 1659 ubi
639 1608 867 1659 occurrit
906 1610 1124 1674 junctus
1178 1612 1194 1639 ‘
1220 1612 1381 1676 Eprio

309 1685 604 1737 Marcello!
640 1685 793 1736 Savil.

377 1763 513 1815 Cae.
539 1767 620 1815 ll.
646 1763 782 1815 Loetn
806 1764 1024 1830 interim]
1059 1764 1381 1817 Adverbium

306 1840 408 1890 hoc
445 1841 500 1890 in
540 1842 762 1907 vulgatis
784 1858 977 1895 vacans
999 1843 1225 1906 restitui,
1266 1843 1382 1893 Flo-

308 1917 507 1968 rentini
540 1923 597 1967 et
633 1919 765 1970 Ven.
801 1928 858 1971 et
889 1919 1107 1970 aliorum
1149 1926 1385 1970 veterum

310 1995 652 2045 auctoritate.
689 1996 830 2048 Pieli.

381 2072 563 2122 Othoni
600 2073 863 2139 principia]
937 2074 1001 2124 In
1039 2072 1385 2125 describendo

308 2164 422 2200 rem
463 2151 599 2202 tanti
626 2153 894 2217 momenti,
928 2151 1093 2217 qualis
1126 2151 1240 2201 haec
1264 2149 1383 2213 fuit,

305 2227 450 2277 inter
471 2228 744 2280 Vitellium
785 2237 841 2280 et
881 2230 1144 2280 Othonem
1170 2229 1387 2292 agitata,

306 2303 539 2368 Tacitus,
554 2310 613 2354 ut
628 2305 751 2355 mihi
764 2303 975 2370 quidem
994 2304 1215 2368 videtur,
1231 2306 1385 2365 longe

309 2379 487 2444 seipso
507 2378 722 2431 inferior
746 2388 857 2444 est3
889 2381 1112 2446 omissis,
1132 2397 1250 2446 quae
1275 2382 1387 2451 pluff

310 2458 495 2509 timum
516 2461 617 2511 huc
642 2461 1289 2527 faciunt,circumstantiis,

308 2550 598 2603 terensque
637 2546 693 2589 et
732 2538 1057 2591 confundens
1078 2541 1133 2590 in
1156 2540 1385 2603 speciem

309 2615 622 2679 pugnantia,
644 2621 821 2681 atque,
859 2624 920 2682 ut
944 2616 1173 2668 breviter
1196 2616 1386 2680 dicam,

308 2692 504 2742 lectori
524 2708 626 2741 non
650 2692 913 2744 satisfacit
951 2709 1017 2744 ex
1055 2693 1286 2745 historiae
1316 2695 1387 2743 le-

309 2768 488 2836 gibus.
543 2769 731 2821 Quoad
755 2771 1196 2836 circumstantias,
1217 2771 1387 2821 Otho·

308 2859 452 2908 nem,
490 2847 812 2910 praecipuum
851 2855 1105 2913 actorem,
1145 2855 1201 2899 et
1237 2849 1387 2913 cujus

309 2922 397 2971 vel
421 2922 660 2986 vestigia.
677 2922 899 2975 fuissent
928 2921 1267 2988 numeranda,
1289 2926 1389 2976 Ta·

311 2997 454 3048 citus
473 3013 545 3048 ex
566 3000 712 3064 urbe,
734 3003 833 3051 διε.
860 3004 885 3031 “
922 3002 1078 3052 Savil.

380 3076 788 3142 Pmcipimsama
803 3081 1252 3146 qumaeadecmnana]
1272 3082 1392 3132 Cas-

315 3153 594 3216 tigavimus
625 3156 858 3220 precipui
898 3156 1040 3217 fama
1078 3158 1391 3214 Quartadeci·

313 3231 466 3281 mani.
500 3231 798 3282 Rhenanus.
831 3232 940 3282 Alii
957 3236 1203 3299 praecipui.
1263 3238 1392 3298 Nos,

307 3307 573 3371 praecipua,
591 3310 853 3359 Venetam
877 3311 1106 3375 sequuti,
1131 3312 1270 3376 quod
1289 3313 1392 3362 ista

311 3398 420 3432 vox
459 3385 759 3437 concinnior
791 3387 1072 3439 videretur.
1138 3389 1224 3438 Sic
1255 3387 1393 3438 infra

315 3461 466 3513 Hist.
505 3477 568 3514 11.
606 3468 688 3527 32.
747 3464 814 3513 de
852 3465 949 3517 hac
999 3465 1112 3531 ipsa
1168 3466 1392 3551 legione,

314 3540 332 3567 ‘
358 3554 551 3603 magna
572 3541 740 3605 ipsam
762 3538 937 3591 fama.'
972 3542 1195 3591 Freinsh.

384 3618 656 3669 Rebellione
700 3620 1004 3682 Britannice]
1100 3619 1392 3669 Historiam

311 3695 453 3746 hanc
477 3693 589 3747 fuse
632 3697 986 3763 persequitur,
1020 3696 1161 3748 Ann-
1182 3710 1298 3748 xiv.
1336 3704 1392 3747 et

312 3772 371 3823 in
396 3771 507 3821 vita
526 3773 705 3837 Agric.
739 3774 895 3824 Sacil-

387 3848 437 3897 E
460 3848 650 3912 fiducia
681 3851 889 3901 tarditas
911 3851 1095 3917 inerat]
1164 3852 1267 3903 Hic
1295 3858 1394 3901 tar-

316 3923 499 3974 ditatis
551 3926 813 3976 Othonem
864 3929 1058 3992 arguit,
1108 3938 1164 3979 et
1187 3922 1194 3927 ’
1216 3935 1392 3980 tamen

316 4000 476 4069 paulo
493 4000 632 4053 infra
655 4003 760 4053 ait:
794 4003 809 4029 ‘
836 4004 952 4055 Nec
991 4005 1066 4054 illi
1103 4019 1262 4070 segne
1301 4012 1394 4055 aut

317 4084 626 4149 corruptum
666 4079 791 4128 luxu
826 4079 928 4130 iter
947 4081 979 4129 :'
1015 4088 1071 4131 et
1110 4097 1267 4146 supra
1301 4081 1396 4134 lib.

316 4169 479 4220 praec.
518 4155 575 4204 in
616 4155 752 4205 fine:
785 4158 801 4185 ‘
827 4157 1151 4221 Aspernatus
1191 4172 1394 4208 omnem

317 4232 724 4298 cunctationem,
762 4242 820 4283 ut
839 4235 1041 4289 Neroni
1061 4251 1265 4301 quoque
1291 4235 1396 4286 exi-

318 4306 543 4359 tiosam!
599 4308 980 4375 Respondetur,
1003 4313 1265 4365 Othonem
1284 4312 1394 4377 qui-

321 4384 443 4441 dem
481 4383 812 4455 festinanter,
855 4390 1099 4459 omnique
1138 4390 1395 4441 cunctati-

2341 372 2516 441 4³:91

1451 546 1555 583 oue
1576 537 1799 596 remota,
1817 530 2115 597 profectum
2133 546 2251 585 eum
2282 532 2523 587 exercitu
2584 550 2591 557 ·

1455 611 1522 661 ab
1542 611 1690 661 urbe:
1702 617 1760 661 et
1772 616 2022 675 quantum
2040 608 2290 675 adipsum
2308 611 2523 676 attinet,

1454 704 1627 755 neque
1671 694 1916 752 corrupte
1964 702 2135 754 neque
2190 689 2419 753 segniter
2466 702 2524 740 se

1456 770 1700 832 gessisse,
1734 775 1795 819 ut
1814 768 1902 832 qui
1935 767 2108 817 omnia
2143 767 2349 831 providi
2372 767 2520 819 ducis
2570 786 2577 792 ·

1456 846 1633 896 munia
1651 845 2056 910 adimplevisset.
2097 844 2201 894 Sed
2228 849 2390 894 tantae
2411 858 2519 894 nio·

1455 922 1519 971 lis
1537 923 1812 985 exercitus,
1834 921 2124 986 praesertim
2146 920 2407 985 legionum
2431 932 2529 987 avg-

1455 1012 1594 1064 men,
1626 997 1818 1049 fiducia
1852 997 2037 1047 virium
2074 996 2525 1059 suarum,'lentio-

1456 1075 1557 1126 rib.
1581 1076 1763 1140 spatiis
1786 1075 2083 1138 incedebat,
2111 1089 2265 1140 quam
2288 1075 2413 1125 belli
2436 1089 2524 1125 ne·

1456 1152 1673 1205 cessitas
1694 1153 2001 1216 postularet.
2035 1152 2261 1203 Picum.
2307 1152 2527 1204 Fallitur

1461 1229 1538 1278 vir
1559 1228 1794 1279 eximius.
1862 1229 1985 1278 Nnn
2003 1228 2138 1278 euim
2159 1228 2405 1291 Othonis,
2422 1242 2527 1279 non

1454 1305 1620 1355 omnis
1644 1305 1925 1369 exercitus,
1945 1305 2035 1354 sed
2071 1305 2298 1359 solorum
2319 1312 2525 1370 quarta·

1454 1380 1842 1431 decimanorum
1867 1380 2172 1432 tarditatem
2197 1391 2409 1432 accusat
2431 1383 2527 1431 Ta-

1454 1458 1606 1508 citus.
1643 1460 1852 1508 Gronov.

1531 1537 1607 1585 Eo
1648 1551 1817 1599 men
1867 1537 2129 1602 leg-ionum]
2213 1536 2525 1589 sustulimus

1456 1612 1829 1671 dictionemeo.
1867 1616 2030 1666 Rhen.

1529 1692 1787 1742 Vestricius
1819 1691 2085 1756 Spurinna]
2150 1694 2236 1743 De
2283 1692 2374 1743 illo
2406 1693 2529 1747 vids

1457 1768 1745 1821 Pliniuml.
1767 1783 1846 1818 xv.
1871 1783 1955 1834 ep.
1984 1774 2035 1820 1.
2068 1776 2123 1820 et
2145 1774 2223 1823 10.
2261 1777 2317 1821 et
2338 1784 2401 1821 ιι.
2439 1785 2526 1835 ep

1458 1851 1509 1897 7.
1543 1846 1697 1897 Savil.

1527 1925 1649 1975 Sisti
1671 1925 1802 1975 intra
1820 1925 2030 1989 Gallias]
2099 1925 2179 1974 Ex
2205 1924 2344 1974 Flor.
2369 1923 2528 1987 inira.-

1458 2016 1577 2053 nam
1603 2003 1776 2067 vulgo,
1799 2004 1941 2052 inter.
1989 2001 2153 2061 Pich.¹

1537 2079 1761 2129 Veterani
1777 2094 1803 2128 e
1822 2078 2072 2142 praetorio]
2141 2077 2427 2141 Superesse
2456 2076 2534 2127 vi-

1462 2156 1690 2207 deantur
1729 2158 1810 2207 hae
1852 2171 2022 2207 voces.
2090 2156 2356 2207 Praemisit
2394 2156 2533 2205 enim

1452 2235 1567 2297 jam
1584 2248 1718 2286 nunc
1741 2234 1809 2285 de
1827 2235 2083 2299 praetoriis
2101 2233 2337 2283 omnibns
2350 2231 2534 2281 cohor-

1461 2310 1637 2361 tibus:
1676 2311 1764 2375 qni
1786 2311 1945 2376 igitur
1968 2311 2056 2361 isti
2076 2310 2292 2374 amplius
2327 2324 2357 2359 e
2397 2322 2533 2372 praef

1464 2387 1634 2437 torio?
1701 2388 1804 2439 Sed
1836 2403 1938 2438 non
1971 2393 2263 2453 supersunt.
2331 2385 2534 2435 Distin-

1308 2478 1385 2521 asq
1464 2464 1580 2529 guit
1619 2465 1759 2515 enim
1803 2479 1834 2515 a
1876 2466 2169 2516 cohortibus
2213 2465 2533 2515 Veteranos:

1463 2546 1646 2602 recte;
1681 2541 1802 2606 quia
1841 2548 2206 2608 exauctoratos
2255 2539 2535 2602 intellegit,

1463 2623 1521 2667 et
1554 2618 1641 2683 qui
1664 2626 1783 2682 post
1815 2619 2041 2671 sedecim
2079 2618 2339 2685 stipendia
2378 2617 2536 2667 habe·

1466 2695 1659 2746 bantur
1692 2695 1786 2746 snb
1812 2696 2017 2759 vexillo,
2053 2711 2154 2746 nou
2195 2695 2348 2745 aliter
2381 2707 2535 2759 quam

1464 2772 1753 2837 legionarii,
1795 2772 1862 2823 de
1883 2772 2068 2839 quibus
2089 2771 2274 2835 scripsi
2308 2772 2431 2821 satis
2467 2768 2537 2818 ad

1464 2851 1653 2903 Annal.
1673 2865 1713 2902 1.
1780 2849 1947 2916 Atqui
1968 2850 2020 2917 hi
2044 2864 2141 2903 nec
2165 2849 2219 2898 in
2244 2847 2535 2913 legionibus

1463 2931 1605 2983 ultra
1622 2928 1986 2992 censebantur,
2010 2926 2203 2978 necilli
2226 2925 2278 2975 in
2316 2922 2539 2977 cohorti·

1465 3007 1580 3058 bus.
1615 3008 1749 3070 Lips.
2357 3034 2363 3043 ‹

1473 3128 1482 3135 .
1531 3086 1705 3135 Loriea
1728 3085 1898 3147 ferrea
1918 3098 2029 3134 usus
2046 3089 2137 3148 est,
2175 3087 2222 3132 et
2244 3087 2355 3131 ante
2375 3077 2538 3144 signa]

1467 3162 1772 3215 Delevimus
1819 3160 2036 3215 verbum
2079 3165 2170 3211 est.
2240 3160 2538 3209 Rhenanus.

1467 3239 1666 3289 Addidi
1730 3238 1945 3289 verbum
2000 3244 2092 3301 est,
2149 3252 2216 3287 ex
2278 3237 2417 3285 Flor.
2475 3247 2539 3284 ac

1468 3317 1602 3366 Ven.
1642 3316 1762 3365 Mos
1786 3322 1959 3364 autem
1984 3313 2240 3367 notandus
2279 3313 2540 3361 Romano·

1469 3407 1582 3443 rum
1606 3393 1814 3454 ducum,
1854 3390 2072 3454 pedibus
2113 3396 2239 3439 ante
2267 3388 2414 3452 signa
2435 3401 2559 3435 amr

1469 3468 1778 3519 bulantium.
1844 3467 1983 3515 Plin.
2019 3467 2218 3530 Baneg.
2257 3464 2324 3515 ad
2361 3463 2541 3527 Traja-

1468 3559 1625 3606 num;
1673 3548 1688 3573 ‘
1713 3559 1832 3595 cnm
1871 3545 1983 3608 jam
2028 3551 2117 3593 tua
2163 3542 2370 3605 vexilla,
2421 3550 2539 3592 tuas

1467 3621 1705 3687 Aquilas,
1728 3635 1913 3687 magno
1937 3620 2099 3684 gradu
2125 3618 2387 3670 antestes!
2435 3618 2541 3669 Ubi

1470 3699 1678 3762 Lipsius
1695 3699 1797 3751 alia
1815 3697 2055 3762 exempla
2077 3697 2275 3761 adjicit.
2314 3695 2540 3747 Pinnem.

1470 3775 1621 3825 Alius
1645 3775 1965 3825 describitur
1988 3789 2019 3821 a
2041 3773 2297 3827 ⁸Iuvenale
2319 3771 2428 3820 Sat.
2453 3783 2540 3822 111.

1473 3868 1523 3907 v.
1548 3857 1661 3902 190.
1748 3850 1887 3904 Quid
1911 3849 1954 3899 si
1978 3864 2045 3899 ex
2069 3850 2246 3913 priore
2269 3846 2407 3895 fama
2427 3846 2539 3899 haec

1471 3930 1549 3979 illi
1587 3924 1900 3995 affingaritur
1937 3944 1968 3977 a
2008 3927 2201 3991 poeta?
2255 3932 2540 3988 nosterque

1473 4014 1746 4057 recenseat
1782 4005 2090 4055 veritatem?
2133 4003 2372 4066 famaque
2401 4001 2540 4053 dissi-

1471 4084 1616 4134 milis.
1682 4082 1786 4133 Sed
1824 4080 2245 4147 praetereundum
2290 4093 2392 4128 non
2438 4084 2542 4141 est,

1473 4175 1625 4225 quam
1657 4159 1831 4223 lepide
1866 4156 2278 4221 satyrographus
2312 4154 2541 4204 hemisti-

1472 4237 1589 4285 chio
1628 4234 1917 4298 virgiliano
1959 4234 2255 4296 captaverit
2291 4238 2540 4282 venusta-

1474 4318 1616 4362 tem:
1683 4314 1699 4340 ‘
1735 4309 1946 4361 Actoris
2006 4307 2206 4365 Arunei
2279 4308 2540 4375 spolium?

1475 4389 1631 4443 Quod
1654 4387 1992 4455 Aristophani
2015 4388 2172 4439 etiam
2195 4384 2416 4452 factum,
2432 4383 2544 4452 qui,
