3009 4942
788 442 930 496 mn.
977 438 1057 494 ιι.
1108 441 1271 491 cAP.
1314 424 1426 493 21.
1471 432 2032 493 ins-ronulwu.

297 586 686 638 maestissima.
754 586 819 636 In
864 592 1013 636 tants
1054 584 1368 651 conjiciendi

297 664 515 713 Reontia
567 677 730 713 meam
785 664 1079 727 opinionem
1143 663 1368 727 praetuii,

296 741 632 803 inertissimus,
655 756 808 805 quam
833 741 964 791 adeo
997 747 1053 791 et
1090 742 1366 805 scripturas

299 816 481 878 priori,
512 824 568 866 et
601 832 727 866 vero
767 818 941 867 sensui
971 818 1366 867 convenientem

288 891 555 955 judicavit
593 894 757 943 Socer
792 909 954 956 meus,
978 901 1038 944 ut
1075 895 1128 942 in
1165 900 1366 943 textum

299 969 655 1032 recipiendam
679 977 910 1032 putaret.
982 970 1276 1020 Freinshem.

361 1045 577 1094 Laudari
613 1047 959 1108 providentiam
1000 1046 1159 1109 ducis]
1191 1046 1278 1096 Ita
1313 1046 1367 1095 in

298 1121 443 1171 Flor.
504 1123 640 1187 quod
694 1124 820 1172 milii
874 1124 1037 1188 magis
1101 1124 1369 1187 probatur,

299 1212 458 1263 quam
492 1206 553 1248 ut
590 1200 746 1264 vulgo?
772 1202 980 1252 undare.
1046 1200 1367 1263 Intelligitur

297 1274 457 1336 enim,
497 1290 598 1325 non
632 1291 664 1325 a
705 1277 1100 1327 centurionibus
1128 1278 1366 1328 tribunis·

298 1365 403 1416 que
444 1359 646 1402 tantum
689 1354 911 1417 laudari,
955 1354 1047 1405 sed
1093 1355 1249 1404 etiam
1296 1354 1365 1403 ab

297 1426 429 1492 ipsis
450 1429 715 1484 militibus.
753 1431 974 1482 Pichenu.
1009 1432 1139 1481 Cum
1160 1432 1215 1480 in
1234 1430 1363 1481 edit.

298 1503 538 1569 principe
579 1512 758 1569 restet,
795 1508 1024 1567 laudari,-
1058 1507 1253 1557 accedo
1277 1508 1370 1557 Pis

299 1579 498 1645 ehenae,
547 1583 827 1632 lectionem
878 1584 1017 1635 illam
1072 1587 1365 1649 reponenti.

300 1657 558 1710 Gruterus.
624 1660 750 1723 Ipsa
772 1663 1021 1711 sermonis
1045 1663 1180 1712 ratio
1202 1662 1367 1728 exigit

298 1733 519 1785 laudare.-
551 1737 688 1800 quod
722 1743 778 1786 et
815 1737 981 1801 ipsum
1005 1745 1111 1789 tam
1142 1740 1207 1790 ad
1234 1740 1365 1790 mili-

297 1817 408 1862 tem
457 1827 609 1878 quam
663 1815 993 1865 centuriones
1028 1816 1366 1882 tribunosque

297 1890 548 1954 pertinet.
589 1889 882 1943 Freinshem.
966 1891 1080 1956 Ego
1116 1893 1365 1942 sermonis

297 1966 554 2017 rationem
576 1968 785 2032 exigere
819 1968 880 2017 τὸ
908 1970 1099 2019 laudare
1120 1983 1221 2020 non
1245 1985 1366 2021 cen-

298 2058 408 2108 seo,
427 2045 526 2094 nisi
549 2043 672 2094 fiat:
706 2049 756 2094 et
775 2044 1032 2096 inserentes
1056 2061 1107 2096 se
1134 2049 1366 2098 centurio·

298 2136 387 2171 nes
404 2121 675 2184 tribunique
693 2124 902 2172 laudun-e.
965 2123 1069 2174 Sed
1102 2125 1275 2174 mitior
1311 2125 1363 2174 iu

299 2203 546 2261 promptu
593 2213 719 2247 cura
763 2207 877 2250 est:
934 2214 1032 2251 nec
1066 2200 1219 2265 parvi
1259 2216 1368 2251 mo·

299 2274 488 2336 menti,
510 2275 648 2340 quod
668 2283 725 2326 et
745 2276 830 2328 hic
851 2283 909 2327 et
939 2292 1096 2341 supra
1115 2278 1369 2329 Florenti·

300 2367 398 2403 nus
419 2354 621 2407 laudm-i.
674 2355 947 2405 Assentior
963 2363 1138 2407 autem
1158 2357 1368 2407 omnino

293 2430 552 2481 Pichenae
585 2432 746 2496 priori
781 2433 897 2483 loeo
929 2448 1018 2483 eas
1048 2448 1202 2485 voces
1231 2435 1366 2485 male

299 2505 625 2559 inculcatas:
682 2524 785 2558 non
828 2509 968 2575 quod
1015 2511 1252 2574 ineptum
1294 2510 1368 2562 ibi

300 2597 509 2634 sensum
558 2583 785 2635 faciant:
842 2600 936 2636 cur
975 2586 1130 2639 enim.
1162 2598 1266 2637 non
1310 2595 1368 2638 et

199 2704 208 2713 .
299 2659 532 2712 retinere
549 2662 701 2712 simul
733 2662 951 2713 militem
973 2669 1031 2713 et
1052 2664 1233 2728 paucis
1251 2679 1370 2715 con·

300 2738 476 2789 silium
511 2739 657 2791 ducis
702 2741 926 2804 probare
970 2744 1217 2805 possent?
1272 2742 1367 2792 sed

300 2815 425 2880 quia
443 2830 549 2866 non
565 2823 673 2867 tam
685 2818 835 2882 inops
852 2818 1126 2869 verborum
1142 2820 1371 2873 Tacitus.

301 2892 412 2943 Hic
443 2901 619 2943 autem
649 2896 921 2959 scripsisse
958 2901 1225 2948 auctorem
1257 2913 1370 2949 cer·

302 2973 417 3018 tum
437 2968 631 3020 habeo:
665 2977 715 3021 et
734 2973 1051 3023 inserentibus
1067 2989 1118 3024 se
1137 2975 1371 3025 centurio·

300 3045 442 3096 nibus
491 3047 785 3115 tribunisque
837 3051 1027 3100 laudari
1072 3052 1371 3116 providentia

300 3122 466 3173 ducis.-
495 3125 635 3189 quod
673 3133 776 3185 est,
811 3127 1139 3191 laudabatur,
1179 3144 1369 3196 nempe

301 3198 371 3249 ab
392 3205 615 3265 utroque
638 3217 848 3264 genere.
916 3203 1125 3257 Gronov.

371 3276 538 3328 Robur
549 3294 604 3328 ac
619 3282 794 3330 caedem
816 3280 931 3329 bello
953 3282 1167 3348 legisset]
1213 3282 1370 3336 Quod

301 3354 394 3404 hic
438 3358 574 3406 male
618 3371 673 3407 se
712 3357 888 3422 habet,
928 3373 1045 3408 eum
1089 3359 1143 3408 in
1187 3360 1370 3409 melius

302 3437 514 3483 mutare
552 3448 654 3483 non
698 3435 907 3498 possim,
965 3434 1260 3498 videndum,
1302 3451 1370 3485 an

303 3522 409 3558 non
443 3510 610 3575 magis
644 3511 905 3562 cohaereat
936 3513 1131 3576 legere,
1150 3512 1295 3562 robus·
1313 3529 1371 3562 uc

303 3587 459 3641 sedem
477 3587 594 3637 bello
614 3588 821 3650 legisset.
858 3587 976 3639 Hoc
1001 3594 1172 3638 tamen
1194 3591 1372 3640 nescio

307 3675 378 3713 an
395 3665 620 3727 caeteris,
638 3666 762 3714 mihi
798 3666 900 3731 ipsi
934 3673 1081 3716 certe
1101 3680 1203 3716 non
1222 3668 1371 3717 satis-

304 3736 457 3791 facit.
510 3740 805 3793 Vertrauius.
882 3743 1105 3795 Videtur
1148 3745 1374 3795 seriben-

305 3814 452 3881 dum,
468 3815 612 3866 robur
630 3833 688 3867 uc
704 3820 860 3868 sedem
880 3819 1014 3871 bello.
1081 3820 1318 3871 Ursinus.

375 3896 536 3954 Quam
570 3899 753 3947 ratione
784 3898 1052 3962 osteudens]
1083 3899 1211 3962 Nos,
1232 3915 1374 3963 quam

305 3974 490 4024 ratione
519 3977 785 4025 attendens.
819 3976 1111 4027 Rhenanus.
1176 3977 1373 4028 Nescio

308 4065 378 4103 an
398 4051 604 4117 melius,
622 4053 849 4102 oratiam.
915 4052 1124 4104 Acidal.

373 4129 516 4199 Car.
535 4133 628 4183 20..
651 4130 862 4179 Braccas
890 4132 1080 4193 tegmen
1106 4129 1373 4194 barbarum,

306 4204 418 4270 ξω]
448 4204 717 4270 Apparuit
754 4206 968 4256 Braccas
1003 4221 1115 4258 esse
1143 4215 1373 4270 vestem3

2335 412 2511 490 4197

1444 584 1739 636 feminibus.
1804 584 2138 650 Tranquillus
2176 582 2314 649 Aug.
2391 584 2511 636 Fer·

1440 666 1607 710 rettus.
1676 662 1755 711 Ex
1792 662 1888 711 hoe
1922 663 2040 711 loco
2080 666 2232 725 potes
2258 660 2507 726 colligere

1442 736 1653 788 differre
1696 746 1869 803 togam
1923 751 1956 787 a
1999 752 2155 801 sago:
2223 752 2343 788 nam
2384 742 2510 803 toga

1442 816 1601 864 vestis
1632 821 1749 865 erat
1788 816 1932 879 pacis
1969 814 2143 877 index,
2167 829 2346 879 sagum
2385 828 2509 867 vero

1444 891 1588 954 belli,
1627 897 1762 941 teste
1806 892 1998 942 Nonio.
2053 891 2335 953 Martialis,
2372 891 2388 920 ‘
2413 890 2508 941 vis

1444 974 1499 1016 te
1519 981 1849 1032 purpureum,
1861 968 2061 1030 Marce,
2073 974 2278 1031 sagatus
2296 981 2460 1017 amem
2475 968 2513 1016 Ρ

1443 1044 1709 1108 Virgilius,
1745 1044 1761 1072 ‘
1787 1044 2017 1109 virgatis
2059 1045 2239 1094 lucent
2283 1040 2513 1108 sagulis!

1442 1122 1656 1170 Braccve
1694 1127 1910 1171 auctore
1949 1121 2184 1171 Diodoro
2205 1121 2259 1170 in
2282 1135 2359 1172 vr.
2386 1126 2505 1172 sunt

1443 1205 1631 1257 vestes,
1651 1199 1751 1246 ἅτε.
1786 1196 1817 1225 “
1848 1197 2090 1260 Lupum.

1508 1272 1664 1322 Insita
1694 1272 1965 1322 mov-talibus
1985 1271 2185 1336 nutura]
2224 1272 2429 1337 Lipsius
2452 1280 2510 1325 et

1440 1348 1547 1411 hic,
1585 1356 1643 1400 et
1682 1349 1824 1412 alibi,
1866 1364 1981 1413 pro,
2021 1351 2187 1411 insita,
2226 1350 2509 1415 substituit,

1440 1424 1610 1474 insito.-
1641 1427 1786 1489 cujus
1827 1425 2125 1476 mutationis
2162 1426 2323 1489 nulla,
2368 1427 2507 1492 quod

1440 1502 1661 1565 videam,
1684 1516 1858 1552 causa.
1914 1503 2161 1568 Intelligo
2180 1502 2337 1568 euim,
2359 1505 2509 1554 insita

1438 1587 1632 1643 natura,
1671 1588 1818 1631 sexto
1859 1595 2001 1643 casu,
2044 1581 2099 1630 id
2145 1588 2246 1645 est,
2290 1590 2513 1646 propter

1439 1658 1644 1709 insitam
1664 1658 1965 1710 mortalibus
1989 1667 2242 1711 naturam.
2307 1656 2394 1709 Sic
2416 1659 2509 1709 lib.

1441 1736 1670 1799 praeced.
1725 1736 1915 1787 ‘insita
1957 1737 2258 1786 mortalibus
2307 1741 2511 1799 natura,

1439 1829 1665 1880 propere
1688 1816 1853 1881 sequi,
1883 1831 2000 1882 quae
2035 1816 2182 1880 piget
2212 1815 2455 1864 inchoare
2475 1811 2510 1863 ι’

1439 1896 1576 1946 infra
1596 1898 1634 1947 l.
1658 1912 1735 1948 ιν.
1758 1899 1773 1926 ‘
1799 1897 1956 1947 insita
1985 1895 2191 1959 ignavia
2213 1902 2269 1943 et
2288 1891 2510 1957 trepidis

1419 1974 1724 2024 ‘miniati-is!
1746 1986 1759 1996 ·
1792 1974 2021 2024 Pichena.

1506 2051 1646 2101 CAP.
1684 2055 1766 2101 21.
1805 2050 1879 2100 Ac
1916 2051 2141 2099 missilem
2182 2049 2363 2113 ignem]
2416 2047 2505 2097 Ita

1441 2143 1572 2179 nos:
1608 2129 1695 2178 alii
1716 2132 1783 2177 et.
1837 2127 2134 2177 Rhenanus.

1506 2207 1641 2257 Dum
1661 2203 1910 2268 regemn]
1945 2203 2230 2267 Exemplar
2266 2200 2509 2251 Matthias

1443 2283 1653 2333 Corvini
1674 2299 1689 2343 3
1713 2285 1826 2333 dum
1844 2286 2091 2346 reportans
2108 2282 2301 2342 gerunt.
2337 2278 2509 2341 Suspi-

1442 2374 1535 2410 cor
1569 2359 1917 2420 scribendum,
1935 2359 2046 2407 dum
2078 2359 2267 2420 repertu
2297 2358 2514 2416 transge-

1440 2441 1575 2485 rimt.
1634 2435 1928 2484 Rhenanus.
2015 2433 2329 2495 Suspectum
2387 2429 2512 2479 mihi

1440 2512 1678 2574 verbum,
1712 2514 1953 2574 regei-unt,
1981 2508 2145 2572 magis
2185 2505 2511 2569 conjectura,

1441 2595 1502 2641 ut
1525 2589 1766 2653 arbitror,
1788 2587 2086 2651 repositum,
2108 2598 2262 2650 quam
2286 2598 2316 2633 a
2347 2582 2510 2634 libris.

1442 2667 1583 2717 Flor.
1618 2666 1755 2716 euim
1788 2664 1968 2723 habet,
2003 2664 2117 2712 dum
2147 2664 2394 2726 reportans
2426 2674 2511 2721 ge-

1440 2748 1584 2793 runt.-
1615 2742 1854 2805 idemque
1877 2740 2066 2789 asserit
2096 2738 2372 2787 Rhenanus
2405 2733 2513 2797 legi

1442 2820 1498 2869 iu
1526 2819 1627 2870 alio
1659 2824 1840 2869 vetere
1881 2816 2036 2866 libro.
2104 2813 2239 2864 Mihi
2262 2812 2386 2863 satis
2408 2811 2511 2860 fuit

1444 2896 1788 2962 suspicionem
1812 2893 2061 2944 indicare.
2128 2891 2358 2941 Pichenu.

1506 2976 1554 3025 A
1577 2973 1852 3039 quibusdum
1884 2987 1911 3021 s
1946 2969 2118 3019 uicinis
2152 2966 2364 3029 coloniis,
2389 2964 2513 3015 iuvi-

1442 3052 1538 3101 ‹15oe
1557 3048 1878 3112 ‹emulatioueJ
1905 3048 1969 3097 Iu
1993 3044 2281 3110 exemplari
2316 3042 2512 3094 Matth.

1445 3129 1656 3179 Corvini
1698 3127 1905 3191 legitur,
1939 3129 1986 3174 et
2027 3121 2302 3187 quibusdum
2341 3120 2517 3169 vicinis

1442 3206 1637 3255 coloniis
1656 3204 1849 3254 invidio.
1875 3200 2191 3251 mulatione.
2255 3196 2515 3248 Subaudi·

1446 3288 1533 3331 tur
1555 3281 1830 3330 existente.
1898 3277 2036 3327 Nam
2059 3274 2218 3324 dandi
2253 3287 2376 3323 casu
2407 3272 2516 3322 dic-

1447 3364 1558 3407 tum
1581 3362 1680 3419 est,
1700 3355 1975 3420 quibusdam
1994 3351 2164 3401 vicinis
2181 3350 2391 3413 coloniis,
2411 3350 2512 3399 hoc

1444 3441 1545 3496 est,
1583 3447 1738 3497 quum
1781 3429 2017 3496 quaedam
2066 3426 2252 3478 vicinae
2294 3425 2510 3477 coloniae

1442 3512 1695 3561 haberent
1712 3507 1924 3558 invidiae
1946 3505 2344 3556 aemulationem.
2389 3503 2514 3554 Sen-

1444 3604 1530 3639 sus
1553 3594 1666 3638 est:
1701 3586 1821 3637 Nou
1847 3586 2011 3637 solum
2043 3584 2112 3636 ob
2148 3581 2403 3645 fraudem,
2425 3595 2513 3631 ve-

1443 3680 1558 3717 rum
1579 3665 1739 3717 etiam
1760 3669 1979 3730 propter
1997 3661 2208 3713 invidias
2230 3659 2516 3710 aemulatio-

1444 3756 1596 3793 nemz
1631 3742 1810 3807 itaque
1842 3740 1919 3790 sic
1940 3735 2343 3788 emendavimus.
2387 3733 2515 3785 Ra·-

1444 3833 1613 3869 mus.
1678 3815 1907 3867 Videtur
1947 3813 2198 3879 legendus
2236 3811 2322 3860 hic
2361 3810 2513 3859 loeus

1446 3911 1514 3947 ex
1553 3894 1723 3946 veteri
1766 3891 1950 3944 codice
1991 3889 2175 3953 adjuto
2215 3887 2525 3950 conjectura*

1447 3988 1516 4024 ex
1560 3979 1712 4038 parte
1756 3970 1931 4035 aliqua
1968 3967 2079 4026 ita3
2112 3980 2143 4014 a
2182 3962 2457 4028 quibusdam
2484 3976 2514 4013 s

1446 4050 1620 4101 meinis
1658 4047 1852 4099 coloniis
1894 4042 2079 4095 invidio
2113 4046 2162 4091 st
2201 4038 2516 4090 emulatione.

1447 4128 1587 4178 Nam
1623 4125 1733 4188 illa,
1753 4139 1785 4175 a
1815 4120 2090 4187 quibusdum
2116 4133 2143 4168 s
2169 4116 2339 4167 vicinis
2361 4113 2429 4164 V.
2455 4115 2519 4166 C.

1448 4199 1823 4268 suppeditavit.
1891 4198 2083 4249 Cetera
2123 4194 2361 4244 nituntur
2397 4204 2517 4242 con·

308 4296 431 4335 nam
447 4298 576 4349 quas
592 4284 748 4348 vulgo
771 4284 984 4334 Bruma
1022 4284 1179 4334 hodie
1199 4286 1380 4350 appel·
1438 4282 1665 4348 jectura.
1707 4276 1926 4327 Ursinus.
1975 4270 2173 4322 Addidi
2194 4266 2519 4334 praepositio·

305 4360 513 4426 lanua·
539 4359 714 4411 Latini
756 4358 1003 4412 dixerunt
1027 4357 1303 4429 laniastis,
1343 4376 1378 4413 a
1450 4372 1588 4426 neni,
1605 4372 1651 4425 e,
1671 4354 1799 4408 meis
1827 4352 1976 4409 libris
2005 4345 2343 4414 auctoribus5
2376 4342 2518 4413 quod
