3009 4942
496 412 679 488 3806

501 592 669 643 remp.
693 578 928 639 duceret,
963 591 1067 627 non
1106 577 1196 643 qui
1219 576 1567 628 ducerentur!

416 657 421 661 ’
494 654 618 705 fla
662 655 770 704 un·
796 653 904 703 be
946 655 1125 717 legata
1168 660 1382 717 petunt:
1442 661 1567 703 tam-

501 746 656 797 quam
695 732 837 780 illum
874 731 1076 780 scilieet
1110 731 1337 780 huben-t
1352 746 1457 795 pro
1476 732 1567 780 be-

424 864 433 868 ,
503 807 645 858 rede.
710 808 922 871 Lipsius.

567 885 820 947 Promptas
834 884 1147 947 ostentat-ere]
1205 884 1420 934 Scilicet
1440 886 1567 949 legi-

500 973 644 1010 ones.
712 962 919 1008 Nemini
945 961 1217 1024 quicquam
1263 959 1500 1024 debeam,
1520 961 1565 1009 si

498 1039 597 1088 hoc
621 1053 921 1103 praeponam
940 1041 1009 1099 τῷ·
1038 1040 1282 1102 promptis,
1305 1041 1441 1104 quod
1478 1041 1563 1091 hic

501 1115 762 1165 invectum
806 1120 904 1165 est.
976 1117 1109 1163 Nam
1141 1115 1326 1164 eadem
1368 1117 1562 1167 Corne·

500 1193 601 1242 lius
622 1199 854 1256 usurpat,
872 1207 986 1257 quse
1010 1193 1129 1241 alibi
1155 1207 1378 1240 summus
1402 1193 1566 1257 scrip-

501 1274 671 1318 torum
708 1269 922 1331 ejusque
968 1268 1208 1316 delicium
1239 1269 1566 1332 Thucydides

500 1344 594 1398 lib.
651 1350 700 1393 5.
762 1341 922 1393 Ὅσας
970 1342 1022 1392 δὲ
1086 1345 1252 1394 πόλεις
1304 1343 1569 1409 παρέδοσαν

496 1420 847 1482 Λακεδαιμόνιοι
865 1419 1139 1484 Ἀθηναίοις,
1174 1419 1344 1483 ἐξέστω
1367 1422 1568 1485 ἀπιέναι,

500 1497 605 1548 brot
676 1498 735 1548 ἂν
786 1496 1071 1562 βούλωνται,
1139 1498 1307 1549 αὐτοὺς
1372 1499 1450 1549 καὶ
1503 1500 1567 1551 τὰ

498 1574 678 1624 ἑαυτῶν
719 1573 938 1638 ἔχοντας.
1006 1574 1289 1625 Horatius:
1323 1577 1339 1604 ‘
1375 1577 1566 1627 Eamus

499 1651 664 1701 omnis
717 1658 991 1701 exsecrata
1054 1651 1271 1700 civitas:
1368 1654 1567 1703 Noster

498 1729 592 1780 lib.
616 1744 695 1781 lv.
730 1729 747 1757 ‘
771 1729 952 1778 Inerat
990 1728 1195 1778 modica
1216 1730 1432 1780 militum
1457 1746 1565 1780 ma-

497 1818 595 1855 nus
615 1805 779 1854 tutela
799 1804 983 1868 templi
1003 1803 1161 1855 freti!
1206 1807 1295 1866 Et,
1313 1808 1329 1833 ‘
1355 1806 1565 1855 immen-

498 1897 708 1948 samque
763 1884 869 1932 vim
920 1884 1216 1933 mortalium
1262 1885 1564 1948 spectaculo

498 1958 763 2008 intentos?
794 1960 1076 2010 Salinerius.
1139 1961 1355 2010 Suavius
1371 1959 1565 2026 forsan,

492 2040 739 2100 promptas
755 2029 988 2086 oneutare
1007 2051 1074 2085 se.
1141 2035 1409 2101 Rescripsi
1431 2052 1565 2100 prae·

498 2116 645 2161 terea
664 2116 922 2176 promptas,
945 2111 1037 2161 scd
1073 2112 1383 2162 auctoritate
1422 2111 1566 2162 codi-

496 2187 570 2238 cis
587 2188 855 2247 Medicaei‚
888 2196 950 2239 ut
980 2188 1316 2239 subaudiatur
1330 2190 1563 2252 legiones.-

494 2262 860 2329 inuuerintque
886 2265 991 2329 isti,
1013 2280 1116 2314 non
1150 2280 1206 2314 se
1230 2265 1394 2315 solnm
1417 2280 1563 2329 para-

494 2345 580 2391 tos
623 2355 904 2406 agnoscere
946 2344 1326 2405 Imperatorem
1349 2341 1566 2391 Germa-

494 2418 690 2480 nicum,
740 2419 832 2469 sed
879 2419 1037 2469 etiam
1080 2418 1309 2482 legiones
1370 2433 1564 2483 omnes,

495 2508 712 2559 quarum
734 2494 833 2559 ipsi
859 2500 1103 2560 tanquam
1121 2494 1449 2544 internuntii.
1472 2494 1563 2543 Vi-

495 2570 687 2623 dentur.
726 2577 899 2622 autem
937 2571 1072 2622 istud
1114 2586 1286 2633 omne,
1317 2587 1421 2620 non
1455 2577 1562 2622 tam

494 2659 624 2694 voce
666 2651 956 2696 ostentasse
990 2661 1140 2711 quam
1178 2652 1343 2710 gestu.
1412 2647 1561 2696 Grut.

495 2719 602 2770 Ms.
649 2727 907 2785 promptas.
986 2723 1101 2785 Ego
1150 2721 1279 2771 nihil
1330 2722 1560 2772 mutavi:

494 2796 692 2861 seipsos
745 2800 883 2849 enim
943 2806 1211 2864 promptos
1279 2804 1563 2850 ostentant.

494 2873 723 2925 Piellena.

561 2952 767 3003 Ferrum
807 2968 840 3002 a
876 2952 1048 3015 latere]
1113 2953 1282 3002 Recte
1324 2967 1357 3001 a
1399 2953 1562 3004 latere.

494 3027 633 3078 Nam
655 3042 765 3078 mos
788 3029 988 3093 priscus
1014 3028 1239 3093 gladium
1263 3043 1328 3077 ex
1352 3028 1562 3079 humero

490 3105 832 3168 suspendere,
874 3110 931 3155 et
970 3103 1237 3154 dimittere
1284 3103 1349 3153 ad
1403 3105 1562 3155 latus.

491 3179 705 3232 Homer.
716 3181 889 3231 iliad.
920 3189 976 3231 B.
1041 3180 1187 3245 Ἀμφὶ
1215 3181 1258 3230 δ’
1279 3180 1350 3245 ἄρ’
1371 3182 1562 3242 ὤμοισιν

488 3254 674 3313 βάλετο
707 3256 838 3321 ξίφος
874 3256 1202 3323 ἀργυρόηλονε
1250 3259 1443 3308 Circum
1476 3259 1564 3308 ltu-

486 3349 640 3384 meros
677 3335 799 3396 jecit
842 3335 990 3384 clavis
1027 3335 1245 3397 gladium
1277 3336 1562 3397 argentatis.

489 3409 684 3476 Odyss.
716 3419 772 3461 B.
839 3410 951 3476 Περὶ
972 3410 1024 3460 δὲ
1059 3410 1189 3475 ξίφος
1205 3410 1286 3473 ὀξὺ
1307 3410 1402 3460 θέτ’
1423 3413 1559 3473 bury:

490 3488 722 3538 Gladium
742 3489 1048 3539 circumdedit
1071 3506 1219 3539 armo.
1285 3489 1559 3552 Virgilius:

488 3561 509 3591 ‘
530 3563 657 3612 Tum
678 3565 830 3613 lateri
853 3572 1010 3630 atque
1028 3566 1254 3615 humeris
1277 3566 1560 3628 Tegeaeum

489 3638 717 3703 subligat
739 3641 953 3692 ensem.’
1006 3636 1190 3692 Idem:
1235 3643 1252 3671 ‘
1291 3646 1448 3707 atque
1471 3657 1559 3691 en-

486 3728 598 3765 sem
622 3717 753 3766 collo
788 3716 1058 3782 suspendit
1081 3716 1371 3766 eburnam!
1440 3718 1558 3767 Nec

480 3789 543 3842 id
567 3790 802 3840 Heroum
822 3792 973 3841 modo
993 3794 1200 3853 saeculo,
1223 3792 1313 3841 sed
1333 3793 1559 3843 obtinuit

485 3871 704 3930 postea;
739 3873 895 3930 atque
935 3867 1066 3917 adeo
1102 3867 1240 3930 apud
1277 3867 1555 3919 Romanos.

426 3942 433 3949 ‘
488 3941 760 3992 claudian.
798 3946 813 3969 ⁸
835 3943 1186 4008 Gestatosque
1209 3945 1345 4007 patri
1369 3960 1555 4009 scapu-

480 4015 550 4066 lis
574 4017 897 4067 radiantibus
920 4020 1105 4068 enses.'
1151 4021 1222 4069 Et
1242 4020 1554 4071 Germanos.

482 4093 914 4145 Windichindus:
984 4100 1000 4125 ‘
1045 4097 1263 4147 Subnixi
1342 4098 1554 4148 stabant

483 4167 761 4234 [Saxones]
786 4173 958 4234 parvis
991 4172 1173 4233 scutis,
1213 4174 1463 4223 habentes
1485 4174 1552 4223 ad

483 4256 637 4295 renes
676 4248 913 4298 cultellos
957 4249 1211 4313 magnos?
1278 4249 1363 4299 Ad
1402 4265 1553 4300 renes

452 4318 622 4372 -·enim
657 4320 743 4389 (ut
772 4323 1028 4389 ejusmodi
1065 4326 1381 4390 scriptorum
1411 4324 1553 4376 Atti-

1206 436 1423 486 1401·AE
1475 436 1877 487 VARIORUM
1929 437 2005 486 m

1645 579 1833 630 cismus
1879 579 1983 645 est)
2008 580 2160 630 valet·
2187 578 2272 630 Ad
2315 580 2505 632 latera.
2568 578 2709 647 Dipo.

1743 659 1982 707 Dextram
2035 658 2083 707 ci
2125 656 2454 721 attinuissent]
2516 658 2715 709 Sallus-

1646 731 1747 781 tius
1771 732 1972 782 Histor.
1996 746 2084 781 ιιι.
2133 736 2148 759 ⁸
2193 732 2399 797 Oppius
2435 740 2709 798 postquam

1641 820 1792 856 uus
1831 807 1908 855 nil
1971 807 2300 871 proficiebat,
2344 809 2522 858 timide
2563 816 2713 860 veste

1645 889 1842 933 tectum
1867 888 2141 947 pugionem
2161 885 2413 947 expedire
2439 891 2656 934 conatus
2680 900 2713 934 a
2731 882 2748 895 “

1646 961 1805 1010 Cotta
1831 961 2142 1026 Vultejoqne
2165 961 2480 1024 impeditur-⁹.
2509 960 2712 1011 suu·-

1642 1036 1733 1085 lib.
1757 1036 1917 1086 Theb.
1958 1039 1974 1064 ⁴
1999 1045 2218 1087 exuerat
2259 1039 2441 1101 vagina
2467 1036 2707 1089 turbidus

1643 1128 1838 1174 ensem,
1863 1112 2199 1179 Aptabatqne
2222 1115 2359 1178 neci,
2392 1114 2605 1164 comites
2633 1120 2711 1165 te-

1642 1189 1838 1238 nuere!
1878 1190 2119 1240 Aurelius.

1710 1266 1916 1322 Quidam
1951 1268 2133 1329 singuli
2187 1267 2384 1332 propius
2422 1263 2715 1331 incedentes]

1642 1344 1882 1393 Muretus
1915 1349 2201 1394 accedentes.
2268 1345 2457 1393 Melius
2491 1344 2557 1394 ad
2598 1359 2715 1393 sen·

1643 1422 1877 1470 tentiam.
1944 1420 2211 1470 Acidaliae.
2280 1419 2355 1471 At
2391 1421 2467 1469 sic
2501 1433 2713 1485 quoque

1643 1504 1826 1546 auctor
1846 1495 1979 1546 infra
2000 1512 2118 1561 cap.
2140 1501 2223 1547 61.
2246 1498 2262 1524 ⁴
2287 1496 2537 1546 incedunt
2558 1511 2710 1546 moes·

1644 1581 1724 1623 tos
1755 1576 1920 1637 locos,
1941 1575 2155 1640 visuque
2178 1589 2239 1624 ac
2263 1575 2515 1623 memoria
2537 1573 2713 1624 defor-

1640 1650 1783 1701 mes!
1850 1651 2017 1701 Immo
2062 1657 2118 1699 et
2164 1650 2369 1713 Cicero,
2393 1649 2463 1699 de
2487 1649 2713 1700 inventi-

1641 1742 1756 1790 one,
1774 1728 1811 1778 l.
1829 1741 1918 1778 11.:
1955 1730 1972 1758 ‘
1998 1728 2224 1778 Facilius
2249 1734 2422 1778 autem
2447 1728 2512 1775 ad
2538 1725 2717 1777 inven-

1640 1804 1831 1854 tionem
1854 1806 2055 1854 animus
2100 1804 2328 1867 incedet,
2364 1804 2407 1853 si
2449 1804 2583 1866 gesti
2624 1817 2714 1853 ne·

1640 1882 1767 1945 gotii
1806 1889 1861 1931 et
1899 1896 2042 1931 suam
2080 1888 2136 1931 et
2158 1881 2439 1932 adversarii
2463 1881 2716 1930 narratio·

1640 1971 1758 2006 nem
1781 1972 1921 2021 saepe
1940 1964 1996 2007 et
2029 1956 2309 2021 diligenter
2328 1955 2717 2021 pertractabit!

1644 2037 1928 2086 Gronovius.

1705 2113 1842 2162 Car.
1866 2116 1948 2162 ³6.
1974 2113 2035 2162 In
2056 2111 2257 2176 ancipiti
2272 2110 2534 2175 republica]
2566 2111 2711 2176 Lego

1637 2189 1914 2252 respublica,
1936 2189 2234 2239 nominandi
2257 2204 2395 2254 casu,
2413 2195 2472 2238 ut
2492 2202 2717 2253 praeces-

1638 2270 1817 2314 serunt
1836 2266 2082 2329 severitas,
2114 2264 2328 2328 largitio.
2397 2266 2622 2315 Notavit
2653 2271 2713 2316 et

1637 2342 1896 2393 Muretus.
1961 2342 2047 2393 Sic
2068 2342 2161 2393 lib.
2186 2356 2262 2392 nr.
2288 2342 2513 2391 ‘inritas
2548 2343 2711 2405 leges,

1638 2419 2010 2482 rempublicam
2035 2419 2088 2468 iu
2112 2419 2329 2482 ancipiti
2353 2416 2716 2482 conquestus!

1636 2497 1896 2546 Acidaliae.
1945 2498 2202 2561 Con-rupte
2241 2497 2379 2546 olim.
2415 2496 2580 2545 Recte
2602 2496 2710 2548 ΜΒ.

1634 2572 1912 2635 respublica.
1954 2573 2204 2623 Picbeua.
2272 2572 2409 2624 Quia
2426 2571 2500 2621 sic
2523 2573 2582 2621 in
2602 2572 2715 2621 uni·

1638 2661 1701 2696 co
1722 2649 1858 2698 libro
1881 2655 1981 2709 est,
2004 2649 2250 2699 concedo.
2299 2646 2509 2713 Alioqui
2533 2647 2715 2711 facile,

1638 2725 1775 2789 quod
1825 2726 2089 2776 habebant
2135 2725 2283 2790 editi,
2320 2733 2533 2785 tueare3
2588 2739 2711 2775 nam

1637 2801 2069 2863 quemadmodum
2113 2801 2165 2850 in
2203 2801 2405 2865 ancipiti
2448 2800 2713 2864 respublica

1637 2876 1825 2927 dicitnr
1839 2878 2111 2929 intellecto
2130 2878 2288 2928 verbo
2312 2883 2434 2940 erat,
2457 2880 2529 2927 sic
2552 2879 2602 2927 in
2626 2892 2714 2927 au-

1635 2955 1774 3018 cipiti
1792 2955 2030 3019 republica
2043 2955 2202 3020 juxta
2219 2955 2357 3005 belle
2379 2956 2592 3017 dicitnr,
2629 2955 2710 3004 in-

1635 3032 1851 3081 tellecto
1906 3031 2140 3096 ejusdem
2207 3032 2352 3082 verbi
2407 3032 2712 3098 participio,

1623 3106 1821 3167 futura.
1886 3108 2204 3158 Gronovius.

1699 3185 1886 3247 Legata
1908 3201 2013 3249 quoe
2030 3185 2324 3249 petiverant]
2392 3186 2557 3235 Recte
2581 3199 2708 3249 ergo

1634 3261 1686 3310 in
1721 3262 1954 3313 Suetonii
1993 3262 2210 3312 Tiberio
2244 3263 2522 3326 scriptum:
2565 3264 2580 3292 ‘
2606 3263 2712 3312 Mi-

1634 3337 1716 3386 liti
1741 3343 1858 3401 post
1889 3337 2158 3401 duplicata
2196 3352 2261 3386 ex
2288 3337 2509 3401 Augusti
2547 3343 2709 3388 testa—

1635 3420 1810 3463 mento
1833 3415 2026 3478 legata,
2048 3413 2173 3462 nihil
2208 3427 2448 3478 umquam
2488 3414 2709 3477 largitus

1635 3495 1718 3539 est
1739 3489 1770 3538 :²
1801 3491 1893 3539 ubi
1940 3490 2073 3540 male
2115 3489 2400 3539 Beroaldus
2439 3490 2705 3554 publicata.

1636 3565 1867 3629 Lipsius.
2313 3622 2336 3639 ,„

1678 3641 1811 3692 CAP.
1830 3646 1910 3691 37.
1932 3642 1992 3691 In
2013 3642 2210 3692 hiberna
2228 3642 2503 3707 cujusquam
2519 3656 2610 3691 non
2628 3641 2710 3692 ab·

1631 3717 1854 3780 acescere]
1879 3719 2138 3768 Malebam
2160 3736 2171 3768 :
2197 3721 2247 3768 in
2269 3720 2465 3769 hiberna
2481 3734 2672 3783 usquam
2689 3737 2708 3771 ε

1634 3794 1724 3841 sed
1745 3794 1907 3844 Josiae
1930 3790 2178 3857 Merceri,
2200 3796 2351 3844 amici
2374 3796 2495 3846 olim
2519 3794 2709 3858 nostrl,

1630 3868 1895 3917 verissima
1920 3868 2078 3918 lectio
2113 3876 2169 3919 et
2192 3870 2493 3920 distinctio:
2527 3870 2708 3933 Largi·

1630 3943 1699 3992 tio
1750 3943 2062 4008 differebatur
2111 3946 2166 3995 in
2218 3947 2415 3997 hiberna
2467 3950 2705 4012 cuiusque.

1632 4020 1767 4069 Nam
1790 4022 1843 4069 iu
1867 4023 2049 4070 castris
2072 4022 2267 4071 aestivis
2292 4024 2520 4087 junctim
2547 4025 2708 4089 legio·

1628 4110 1721 4145 nes
1758 4097 2101 4160 habebantur,
2132 4099 2185 4148 in
2224 4099 2451 4148 bibernis
2484 4101 2704 4164 singulm

1629 4173 1859 4223 seorsim.
1925 4175 2188 4223 Volebant
2228 4190 2352 4237 ergo
2392 4174 2609 4237 differri,
2644 4181 2704 4226 et

1625 4249 1836 4297 interim
1879 4249 2095 4299 divelli:
2131 4251 2225 4299 sed
2270 4251 2418 4301 miles
2461 4249 2701 4305 fraudem

1626 4325 1929 4391 suspicatus
1951 4327 2156 4380 abnuit.
2224 4328 2373 4380 Idem.
