3009 4942
508 418 687 488 8786

508 578 621 642 ejus
643 580 789 645 apud
804 584 1009 647 multos,
1045 586 1273 638 Dionem
1307 603 1416 640 nv.
1463 592 1572 641 Pli-

506 655 650 705 nium
688 657 724 706 1.
760 672 839 709 11.
895 660 1274 713 Tertullianum
1299 666 1363 715 de
1385 667 1572 717 Pallio.

511 731 619 781 Hic
656 740 757 782 est·
781 736 869 784 ille
909 738 1100 802 Pollio,
1131 742 1218 805 qui
1260 748 1573 795 testamento

511 808 702 859 Caesari
732 812 1068 878 Pausilypum
1097 818 1292 881 legavit
1310 828 1415 879 ;'et
1434 837 1464 870 e
1486 838 1575 871 cu-

499 883 590 947 jus
627 887 802 937 diruta
836 890 1006 954 domo,
1041 891 1181 942 facta
1207 896 1379 944 Romae
1412 899 1576 960 porti·

509 972 601 1010 cus
623 978 739 1026 quae
765 965 927 1014 Liviae
947 968 1108 1018 dicta.
1139 969 1346 1033 Lipsius.

509 1068 524 1077 -
560 1039 675 1094 Qui
696 1039 886 1104 Atedii]
931 1036 1287 1109 Beatuslegit
1331 1048 1393 1103 Q.
1436 1049 1576 1099 Vedii

507 1120 564 1163 et
607 1116 893 1165 tollendum
942 1120 1136 1169 Tedium
1176 1129 1372 1174 censet.
1460 1126 1575 1175 Nisi

505 1191 826 1241 meanimus
863 1194 1018 1256 fallit,
1061 1198 1332 1248 Cornelius
1372 1201 1447 1250 ita
1482 1218 1574 1265 po·

506 1265 642 1314 suit:
668 1271 768 1316 tum
789 1284 912 1318 mors
937 1272 997 1326 Q.
1025 1274 1202 1323 Taedii:
1227 1276 1370 1339 quasi
1389 1280 1577 1327 utrius·

509 1356 613 1406 que
635 1344 842 1394 nomine
878 1350 1012 1397 male
1044 1351 1269 1400 audierit
1289 1351 1571 1417 Augustus.

506 1416 594 1471 De
611 1419 779 1469 Tedio
793 1422 1068 1474 Suetonius
1086 1431 1233 1480 c.·2⁷.
1275 1429 1572 1482 Vertraniue.

507 1495 949 1549 Considerandum
992 1517 1056 1550 an
1093 1502 1178 1553 hic
1217 1505 1355 1555 locus
1378 1509 1570 1573 corrigi

508 1572 677 1633 possit
709 1588 776 1622 ex
816 1582 992 1625 nostro
1032 1584 1237 1632 x11.60.
1274 1582 1361 1631 ubi
1385 1584 1572 1647 Vedio,

507 1647 757 1710 cnjushic
783 1653 994 1714 mentio,
1034 1655 1246 1706 Matium
1279 1660 1570 1725 conjungit.

500 1723 871 1778 Freinshemius.
911 1731 1112 1780 Atidius
1132 1733 1420 1796 praefectus
1445 1741 1572 1788 Ver-

500 1799 575 1851 ris
598 1803 893 1853 nominatur
914 1807 1153 1858 Ciceroni
1175 1811 1310 1860 libro
1327 1827 1414 1862 111.
1441 1822 1494 1865 et
1518 1817 1572 1865 iu

506 1887 585 1924 ιν.
612 1877 810 1928 Atidius
843 1883 1068 1933 Geminus
1087 1886 1274 1948 pictor.
1324 1888 1410 1939 Ad
1432 1890 1572 1944 Atti-

505 1965 620 2000 cum
653 1955 753 2017 Ep.
781 1969 883 2006 ιιι.
907 1964 957 2006 5.
992 1968 1048 2009 et
1067 1966 1149 2011 24.
1173 1978 1240 2012 ex
1263 1965 1570 2019 Caesarianis

501 2029 800 2091 appellatur
856 2035 1071 2100 Aledius,
1127 2042 1216 2104 qui
1269 2042 1443 2093 forsan
1486 2047 1570 2096 hic

498 2108 718 2170 Atedius,
766 2118 823 2161 ut
877 2116 1176 2177 suspicatur
1228 2126 1285 2169 et
1339 2122 1567 2185 Lipsius.

500 2181 712 2250 Alioqui
735 2203 912 2251 posses
943 2195 1174 2256 cogitare
1212 2197 1274 2251 Q.
1309 2199 1479 2249 Asellis·
1501 2217 1569 2252 ex

501 2258 714 2312 Acrone
753 2264 819 2313 ad
859 2266 989 2316 illud
1033 2270 1244 2320 Horatii
1281 2274 1387 2335 Sat.
1424 2290 1487 2326 11.
1520 2283 1568 2328 7.

502 2334 790 2402 ἕἸῖιιῑοᾳιιε
837 2342 1036 2392 ciconia
1077 2347 1222 2410 nido,
1261 2349 1446 2401 Donec
1479 2369 1568 2404 vos

430 2456 435 2460 .
499 2420 684 2464 auctor
707 2416 887 2467 docuit
910 2424 1202 2483 'praetoriu's
1223 2424 1257 2474 :²
1304 2428 1319 2454 ‘
1344 2426 1567 2481 Asellius

497 2489 704 2552 quidam
744 2502 939 2557 praetor
978 2496 1098 2560 fuit,
1121 2501 1209 2565 qui
1244 2517 1391 2570 usum
1425 2506 1566 2556 cico-

494 2566 696 2617 niarum
740 2573 1126 2624 condendarum
1178 2578 1373 2642 primus
1416 2595 1565 2646 repe-

492 2641 603 2692 rit!
640 2645 920 2699 Gronovius.

568 2719 704 2770 Vedii
725 2724 956 2775 Pollionis
978 2729 1140 2792 luxus]
1183 2732 1316 2782 Vide
1342 2735 1564 2786 Dionem

490 2795 528 2847 l.
553 2810 661 2847 mv.
704 2800 1006 2855 Vertram'us.

562 2874 770 2925 Gravior
789 2880 947 2930 domui
975 2883 1239 2949 Coesarum]
1281 2888 1367 2938 Ita
1402 2890 1564 2940 refor-

491 2951 629 3001 mavi
653 2967 779 3003 voce
798 2958 1015 3017 gravius,
1053 2977 1169 3025 quae
1209 2973 1325 3015 erat
1369 2967 1419 3015 in
1457 2983 1563 3020 ma-

489 3031 779 3094 nuscripto,
804 3035 984 3084 leniori
1015 3046 1071 3087 et
1104 3041 1295 3102 aptiori
1320 3046 1562 3094 mutatio·

487 3119 573 3169 ne,
592 3121 741 3171 quam
759 3113 942 3173 gravis,
969 3121 1026 3162 ut
1051 3117 1234 3179 vulgo:
1261 3120 1275 3145 ⁴
1296 3118 1482 3169 Gravis
1506 3123 1560 3171 in

487 3184 863 3246 rempublicam
923 3191 1108 3239 mater’
1182 3192 1344 3243 filium
1413 3212 1559 3247 suum

486 3259 827 3311 saevissimum
865 3265 932 3313 ad
969 3268 1236 3330 imperium
1260 3266 1590 3337 admovens(

486 3335 710 3397 perditis
815 3340 1064 3403 legitimis
1153 3350 1557 3400 successoribus.

488 3409 761 3461 {Gravior
806 3420 1060 3480 noverca,'
1105 3421 1338 3472 Caesares
1385 3434 1439 3474 et
1481 3428 1559 3491 ip-

487 3498 619 3543 sumr
638 3487 862 3552 denique
896 3492 1186 3556 Augustum
1225 3515 1435 3551 veneno*
1451 3519 1559 3552 sus·

487 3564 665 3615 tulisse
709 3568 1016 3621 insimulata.
1076 3575 1303 3625 Pichena.
1379 3580 1558 3630 Gravis

486 3647 569 3689 est
596 3641 730 3693 Phil.
764 3645 1008 3695 Beroaldi
1024 3650 1262 3711 junioris.
1322 3696 1327 3701 .

552 3717 919 3781 comparatione
964 3726 1240 3789 deterrima]
1290 3730 1409 3779 Sive
1443 3734 1553 3796 pla-

485 3802 591 3857 cet,
613 3797 871 3845 teterrimo.
910 3800 1132 3860 Lipsius.

490 3910 499 3918 .
551 3872 739 3923 Habitu
787 3872 1002 3938 cultuque
1038 3879 1162 3941 ejus]
1211 3881 1296 3930 Ad
1319 3884 1551 3935 habitum

484 3957 732 4012 spectant
771 3951 883 3998 haec
932 3953 1185 4020 Suetonii,
1228 3958 1343 4008 Tib.
1389 3975 1434 4009 c.
1464 3965 1551 4010 68.

479 4025 728 4075 Incedebat
767 4029 942 4077 cervice
980 4031 1159 4095 rigida,
1191 4037 1274 4097 ὅγε.
1310 4035 1339 4064 *
1374 4035 1549 4101 Atque

479 4103 592 4153 haec
640 4104 704 4152 ad
743 4106 985 4157 habitum.-
1020 4110 1071 4158 in
1108 4114 1238 4161 cultu
1271 4115 1384 4177 ejus
1424 4117 1548 4180 quid

479 4177 707 4229 notabile
771 4194 862 4231 aut
921 4200 1186 4251 arrogans,
1229 4191 1365 4240 haud
1411 4207 1548 4242 nunc

479 4254 690 4305 memini
710 4255 906 4319 legere.
942 4262 1091 4313 Idem-
1164 4290 1165 4295 =

542 4331 677 4415 ομ».
689 4338 769 4386 11.
788 4336 1025 4402 Templum
1043 4344 1091 4389 et
1113 4310 1343 4406 coeleates]
1362 4343 1393 4373 ⁴·
1412 4345 1550 4396 Ἀπο-

1211 442 1428 496 NO'I'AE
1473 446 1883 502 VAmoRUM
1935 448 2017 504 IN

1656 593 1819 645 θέωσιν
1851 597 1981 648 hanc
2017 596 2259 665 Augusti,
2304 616 2455 667 quam
2500 601 2716 653 Tacitus

1656 680 2040 737 commemorat,
2064 677 2289 726 carmine
2308 679 2577 743 singularis
2596 679 2717 757 libri

1654 751 1953 813 complexus
1996 752 2204 801 videtur
2228 753 2465 817 Ovidius,
2507 763 2564 804 ut
2602 757 2716 820 ipse

1654 825 1861 889 quidem
1877 827 2091 891 indicat,
2108 830 2175 878 de
2194 831 2395 881 Ponto:
2417 834 2431 859 ⁴
2455 832 2620 882 Quale
2638 837 2718 881 ta·

1653 913 1767 948 men
1809 903 1954 964 potui
1989 903 2054 952 de
2089 907 2280 966 coelite,
2311 909 2493 970 Brute,
2516 908 2718 958 recenti

1653 975 1844 1027 Vestra
1879 981 2056 1043 procul
2096 984 2295 1046 positus
2317 998 2523 1033 carmen
2547 985 2597 1035 iu
2623 999 2717 1034 ora
2773 1017 2781 1026 ·

1652 1051 1772 1100 dedi
1790 1053 1824 1102 ε’
1860 1062 1913 1105 et
1933 1058 2074 1106 alibi.
2133 1059 2283 1108 Idem.
2609 1060 2631 1132 ἰ

1652 1139 1661 1147 ·
1724 1131 1883 1181 Versoe
1902 1135 1963 1181 ad
1986 1134 2225 1184 Tiberium
2242 1136 2424 1199 preces]
2474 1137 2550 1186 Ut
2584 1136 2715 1187 illud

1650 1208 2060 1258 molestissimum
2083 1209 2285 1274 imperii
2304 1226 2432 1260 onus
2451 1212 2715 1277 suscipere

1651 1282 1973 1347 dignaretur.
2021 1288 2259 1337 Muretus.

1653 1381 1662 1389 ·
1721 1360 1868 1408 Varie
1886 1362 2168 1425 disserebat]
2205 1364 2325 1412 Non
2361 1369 2477 1412 erat
2508 1364 2593 1415 ita
2631 1378 2715 1412 su-

1650 1435 1861 1498 perbus,
1885 1444 1945 1486 ut
1966 1438 2081 1487 illas
2106 1455 2291 1502 preces
2313 1447 2712 1504 aspernaretur:

1646 1527 1748 1561 non
1773 1514 1869 1562 ¹ita
1908 1516 2102 1579 segnis,
2136 1524 2197 1566 ut
2227 1518 2369 1566 illum
2408 1524 2600 1567 cuncta
2633 1528 2715 1567 re-

1648 1591 1805 1653 gendi
1845 1591 2075 1642 laborem
2112 1593 2388 1657 rejiceret:
2425 1594 2594 1658 rogari
2628 1608 2717 1645 vo·

1647 1666 1807 1716 lebat.
1856 1670 2095 1719 Muretus.

1647 1768 1651 1773 ·
1712 1746 1975 1809 Modestia]
2050 1746 2114 1797 Id
2171 1754 2267 1809 est,
2323 1749 2709 1800 moderatione:

1648 1822 1819 1871 animo
1863 1822 2072 1873 minime
2110 1824 2396 1887 ambitioso,
2437 1831 2596 1890 atque
2635 1825 2713 1876 sie

1648 1897 1770 1946 alibi
1795 1910 2029 1962 usurpat,
2053 1902 2260 1949 Mureto
2285 1908 2538 1951 notatum.
2574 1902 2712 1966 Lips.

1709 1974 1811 2023 Sua
1834 1975 2083 2038 modestia]
2118 1978 2406 2026 Modestium
2426 1978 2572 2041 dicit,
2594 1992 2716 2045 non,

1646 2065 1712 2099 ne
1737 2052 1850 2114 quis
1872 2053 1941 2101 sit
1967 2068 2140 2115 error,
2164 2054 2410 2103 virtutem
2445 2054 2601 2104 animi
2635 2055 2713 2104 ni·¹

1644 2128 1716 2176 bil
1738 2129 1804 2177 de
1827 2144 1904 2190 se,
1922 2130 2019 2177 nisi
2042 2131 2388 2193 moderatum,
2409 2130 2709 2182 sentientist

1645 2206 1738 2255 sed
1780 2208 2009 2256 modicas
2044 2216 2099 2256 et
2131 2207 2344 2272 exiguas
2384 2211 2705 2260 vit-essuos:

1644 2282 2024 2347 opponiturque
2047 2285 2143 2332 hoc
2162 2298 2313 2332 sensu
2336 2286 2560 2333 modestia
2578 2301 2711 2348 mog-

1642 2359 1866 2408 nitudini.
1909 2361 1992 2408 Sic
2023 2362 2057 2410 l.
2093 2374 2179 2411 ιιι.
2217 2362 2234 2390 ‘
2257 2363 2409 2410 simul
2440 2362 2709 2411 modestiae

1646 2432 1869 2484 Neronis
1894 2444 1948 2484 et
1970 2451 2077 2485 suae
2111 2438 2452 2500 magnitudini
2474 2436 2709 2487 fidebat!

1641 2512 1712 2560 Et
1748 2512 1783 2560 1.
1817 2525 1898 2561 ιν.
1936 2512 1951 2538 ⁴·
1977 2514 2101 2561 Rari
2133 2528 2228 2576 per
2253 2514 2459 2563 Italiam
2479 2515 2706 2564 Caesaris

1642 2591 1772 2653 agri,
1826 2591 2064 2640 modesta
2110 2591 2355 2641 servitia!
2426 2592 2541 2641 Lib.
2597 2592 2705 2642 ΧΠ.

1638 2665 1655 2692 ‘
1677 2680 1864 2728 magna
1907 2668 2075 2715 Deum
2132 2667 2458 2730 benignitate
2503 2674 2557 2716 et
2599 2666 2705 2718 mo-

1639 2739 1807 2789 destia
1828 2741 2007 2790 hiemis
2031 2742 2186 2792 rebus
2216 2743 2463 2792 extremis
2484 2742 2707 2793 subven-

1599 2821 1607 2825 '
1641 2821 1788 2865 tum.’
1818 2818 2054 2868 Muretus.

1638 2919 1648 2927 ·
1695 2893 1848 2947 Quam
1859 2894 2353 2958 suffectumfortunae]
2376 2896 2547 2944 Multa
2562 2895 2702 2945 enim

1637 2969 1895 3032 accidunt,
1940 2984 2057 3034 quae
2089 2971 2259 3018 ·nulla
2302 2971 2523 3034 ratione,
2563 2970 2703 3020 nullo

1637 3044 1860 3094 humano
1904 3046 2120 3095 consilio
2174 3046 2440 3110 provideri
2485 3046 2703 3111 queunt.

1641 3121 1792 3170 Idem·

1702 3197 1935 3261 Suspenso
1970 3214 2150 3262 semper
2193 3205 2241 3248 et
2269 3196 2483 3262 obscura]
2517 3194 2699 3250 Sueto·

1634 3276 1882 3324 nius-Tib.
1902 3281 1984 3325 24.
2021 3278 2037 3302 ‘
2062 3276 2314 3339 ambiguis
2356 3278 2617 3339 responsis
2640 3285 2698 3326 et

1635 3350 1823 3398 callida
1846 3351 2182 3400 cunctatione
2205 3351 2560 3415 suspendens.’
2608 3351 2699 3400 Pi-

1633 3426 1792 3475 cltena.
1864 3455 1872 3459 -
2689 3446 2696 3451 ·

1700 3503 1882 3558 Quibus
1922 3517 2041 3552 unus
2074 3503 2248 3566 metus]
2284 3504 2389 3555 Qui
2425 3505 2549 3553 nihil
2590 3510 2696 3555 tam

1631 3580 1765 3626 male
1788 3580 2111 3642 metuebant,
2133 3595 2288 3644 quam
2316 3596 2380 3629 ue
2404 3581 2696 3647 intelligere

1634 3655 1933 3703 viderentur
1953 3655 2329 3705 simulationem
2347 3650 2561 3707 Tiberii.
2609 3659 2695 3725 Sic

1630 3730 1908 3792 Virgilius:
1942 3732 1959 3758 ‘
1990 3732 2106 3780 Non
2146 3740 2335 3792 metus,
2379 3734 2549 3783 officio
2591 3748 2693 3785 nec

1630 3813 1686 3855 te
1708 3814 1934 3856 certasse
1959 3807 2219 3869 priorem!
2258 3809 2319 3857 Id
2344 3816 2444 3872 est,
2466 3824 2567 3858 non
2588 3824 2694 3860 me-

1630 3884 1831 3932 tuimus.
1868 3884 2105 3932 Muretus.

1691 3959 1749 4007 Si
1769 3959 2037 4021 intelligere
2060 3961 2354 4023 viderentur]
2391 3963 2534 4012 Nihil
2553 3963 2692 4017 enim

1626 4036 1891 4084 molestius
1933 4036 2142 4084 Tiberio
2182 4044 2392 4099 poterat
2431 4039 2690 4104 accidere,

1626 4127 1777 4174 quam
1800 4112 1843 4159 si
1867 4118 2035 4160 astum
2071 4127 2217 4160 suum
2253 4115 2316 4162 ab
2341 4115 2454 4162 aliis
2479 4118 2690 4178 agnosci

1628 4188 1847 4236 ⁵videret.
1907 4189 2011 4236 Dio
2048 4190 2082 4236 l.
2115 4189 2347 4258 LV13Nfiv
2367 4189 2420 4238 δὲ
2435 4190 2690 4258 &midas-o,

1625 4263 1672 4313 εἴ
1687 4282 1759 4313 τις
1796 4265 1939 4317 αὐτοῦ
1952 4265 2112 4314 συνεὶς
2143 4265 2341 4330 φανερὸς
2376 4268 2578 4333 ἐγίνετό,
2605 4269 2689 4321 καὶ

1623 4340 1850 4407 πολλοὺς,
1884 4341 2017 4392 οὐδὲν
2038 4340 2165 4393 ἄλλο
2185 4341 2351 4407 σφίσιν
2380 4343 2411 4405 ἡ
2450 4344 2524 4397 ὅτι
2551 4363 2690 4405 owe?
