3009 4942
1186 388 1405 441 1³01·AE
1451 383 1856 436 vAmomJM
1903 381 1980 435 ul

488 521 658 599 quibus
709 520 859 572 otium
898 522 1008 573 est:
1046 521 1322 583 utrumque
1366 519 1548 567 reete:
1625 512 1785 563 lectio
1809 509 1993 574 ‚scripti
2019 505 2234 570 codicis,
2251 496 2540 571 capescendi
2559 514 2696 568 egre·

490 604 666 664 tamen
682 594 1027 664 antiquiorem
1042 595 1340 655 lectionem,
1363 599 1420 643 et
1436 592 1554 641 Flo·-
1623 589 1708 653 gie
1726 586 1932 652 irnperii.
1996 585 2290 636 Rhenanus.

489 676 701 740 rentini,
722 679 778 726 et
808 674 1028 724 aliorum
1063 670 1355 735 anteposui.
1413 669 1552 719 Picio.

1695 669 1830 718 CAP.
1860 672 1908 717 5.
1945 667 2021 715 Ne
2041 661 2306 725 designatis
2323 660 2510 724 quidem
2531 651 2699 714 Quoes-

535 748 737 806 'Vetera
752 758 800 803 et
810 751 1069 817 praesentia
1092 749 1385 813 contendere]
1406 750 1553 797 Com·
1629 745 1813 795 toribus
1874 743 2040 792 edendi
2093 735 2406 803 gladiatores]
2470 734 2703 786 Videtur

492 846 699 900 parare.
734 831 1001 880 Fer-rectus.

564 908 685 966 Quoe
739 908 919 955 deceret
972 903 1249 970 principem,
1297 901 1559 964 eloquentia

1633 821 1898 875 abundare
1951 834 2052 868 vox
2107 817 2308 882 quide-m.
2355 811 2711 862 ‘Sunt-enim*

1634 900 1799 952 verba
1815 900 2036 949 Senatus
2059 894 2281 946 decreti.
2320 891 2539 942 Ursinus.
2583 889 2704 938 Mo-

482 984 614 1050 fuit]
644 983 945 1050 Legendum
984 979 1142 1043 forte,
1178 994 1269 1043 qua
1292 981 1501 1028 deceret.-
1524 978 1559 1028 i.
1630 984 1725 1028 vet
1768 978 1852 1027 hic
1887 973 2183 1038 emphatica
2216 970 2475 1034 particula
2515 965 2706 1030 quidem

497 1068 766 1130 quatenus.
817 1059 1086 1109 Acidalius.

558 1144 635 1189 Ac
651 1137 854 1193 consulto
875 1122 1147 1198 ambiguus]
1171 1133 1354 1184 Lectio
1377 1131 1564 1195 scripti

498 1214 711 1278 codicis,
738 1220 823 1263 aut
838 1213 1042 1262 consulto
1064 1212 1327 1274 ambiguus.
1371 1211 1453 1259 De
1475 1208 1565 1258 Ti-

497 1293 649 1344 berio
670 1291 920 1358 loquitur.
980 1290 1256 1339 Rhmanus.

556 1371 689 1422 CAP.
707 1374 753 1419 4.
772 1370 1008 1418 Coeterum
1017 1367 1224 1430 peractis
1236 1365 1449 1415 tristitioe
1462 1365 1565 1413 imi-

497 1447 722 1500 tamentis
738 1446 932 1495 Curiam
941 1442 1200 1506 ingressus]
1215 1441 1352 1495 Quid
1368 1441 1463 1491 sibi
1483 1456 1567 1490 ve·

501 1525 566 1577 lit
586 1525 798 1575 Tacitus
821 1522 1058 1586 inquiens
1076 1521 1338 1571 Neronem
1356 1517 1568 1568 Curiam

502 1604 793 1666 ingressum
834 1601 849 1628 ‘
876 1598 1107 1664 peractis
1130 1597 1359 1647 tristitioe
1398 1595 1568 1645 imita-

503 1679 729 1743 mentis,'
749 1677 887 1728 haud
927 1675 1082 1726 facile
1121 1681 1203 1725 est
1222 1675 1498 1739 conjicere,
1525 1674 1569 1724 si

502 1758 755 1808 tristitiam
778 1757 833 1805 in
856 1755 1069 1819 propria
1086 1760 1142 1802 et
1158 1753 1571 1803 communissIma

506 1832 885 1899 significatione
930 1830 1316 1894 acceperimus:
1373 1836 1430 1878 at
1465 1845 1570 1879 non

504 1910 600 1975 ita,
630 1910 673 1960 si
688 1909 912 1958 'tristitie
936 1922 1113 1957 vocem
1138 1906 1292 1956 aliter
1320 1907 1572 1970 interpre-

507 1985 698 2049 temur,
725 1980 826 2035 'cui
872 1985 948 2036 rei
992 1983 1307 2052 potissimum
1338 1998 1403 2031 ex
1426 1983 1571 2032 Cice·

506 2077 634 2114 rone
655 2065 824 2112 lucem
852 2060 1127 2111 afferimus.
1194 2061 1329 2111 Nam
1353 2060 1428 2110 illi
1459 2060 1573 2108 tris-

507 2139 624 2190 titia
668 2139 945 2203 aliquando
990 2138 1240 2188 severitas
1274 2152 1368 2187 seu
1409 2138 1577 2201 gravi-

509 2221 591 2267 tas
614 2215 837 2265 dicitur:
882 2216 1009 2264 item
1044 2213 1202 2276 triste,
1241 2228 1400 2278 grave
1423 2219 1477 2261 et
1497 2227 1574 2260 se-

507 2307 686 2342 verum
727 2298 826 2342 est.
889 2290 978 2339 Sic
1018 2291 1112 2339 lib.
1149 2289 1215 2339 de
1260 2288 1451 2353 Arusp.
1496 2304 1575 2338 re-

509 2384 684 2433 spons.
717 2368 732 2397 ‘
758 2367 990 2423 Tristitia
1028 2374 1222 2430 autem,
1260 2372 1316 2415 et
1350 2367 1402 2415 in
1438 2366 1578 2416 omni

510 2461 568 2496 re
608 2445 861 2496 severitas
901 2443 1036 2493 absit
1055 2442 1087 2507 ;'
1130 2448 1186 2491 et
1223 2442 1311 2491 lib.
1344 2442 1411 2493 de
1435 2442 1577 2491 Clar.

513 2521 665 2580 Orat.
698 2523 713 2549 ‘
748 2520 927 2570 Triste
971 2527 1028 2568 et
1072 2533 1309 2570 severum
1365 2518 1579 2572 dicendi

510 2599 704 2667 genus!
736 2599 937 2649 Iterum
956 2597 1047 2646 lib.
1064 2596 1129 2646 de
1148 2596 1300 2647 Orat.
1320 2596 1335 2625 ‘
1352 2597 1578 2646 Severus

513 2690 576 2726 ae
600 2675 759 2726 tristis
793 2672 1001 2723 vultus?
1064 2673 1135 2722 Et
1157 2670 1247 2723 lib.
1270 2671 1336 2721 de
1354 2672 1581 2737 Republ.

510 2753 528 2781 ‘
554 2752 657 2804 Qui
688 2763 928 2800 numeros
965 2749 1275 2812 optimatum
1315 2755 1372 2799 et
1392 2749 1582 2814 princi-

514 2844 640 2894 pum
665 2827 857 2878 obtulit
879 2826 957 2874 his
981 2825 1209 2888 vocibus,
1234 2832 1290 2875 et
1310 2827 1582 2890 gravitatis

516 2921 626 2955 suae
669 2903 818 2968 liquit
861 2903 1004 2951 illum
1046 2902 1246 2951 tristem
1282 2910 1337 2952 et
1373 2904 1583 2966 plenum

514 2979 786 3046 gravitatis
813 2977 1028 3027 sonum?
1088 2978 1222 3028 Dum
1246 2978 1423 3044 itaque
1442 2981 1585 3030 Nero

517 3057 700 3124 primis
736 3057 882 3106 annis
924 3057 1017 3105 sub
1054 3057 1234 3106 matris
1277 3057 1583 3122 Agrippinae

518 3135 817 3201 praeceptis,
860 3135 1048 3182 Burrhi
1094 3142 1149 3182 et
1184 3134 1395 3185 Seneca>-
1432 3134 1585 3184 disei-

517 3213 666 3285 plina
686 3212 845 3259 vitam
879 3210 1044 3268 duxit,
1072 3211 1208 3265 intra
1227 3211 1454 3267 tristitiae
1478 3213 1586 3261 imi-

520 3297 771 3356 tamenta,
811 3297 955 3352 (nam
1002 3307 1101 3341 non
1148 3308 1237 3340 sna
1284 3301 1488 3354 sponte,
1533 3300 1587 3341 et

520 3369 769 3434 ingenim)
786 3368 944 3416 decus
972 3370 1387 3431 imperatorium,
1399 3370 1585 3418 severi-

520 3453 685 3518 tatem
710 3462 894 3510 nempe
918 3454 971 3495 et
996 3447 1302 3510 gravitatem
1331 3447 1588 3508 servabat,

524 3524 614 3574 sed
636 3525 793 3588 juxta
829 3523 994 3571 indita
1036 3531 1090 3572 et
1116 3531 1381 3587 pra’cepta
1404 3525 1469 3572 ab
1493 3524 1588 3586 bis,

526 3602 613 3667 qni
650 3601 784 3650 illins
821 3615 956 3650 curae
991 3606 1287 3662 pra‘eraut3
1337 3600 1452 3655 ideo
1485 3615 1586 3649 non

524 3677 736 3739 proprie
761 3675 1011 3723 severitas
1054 3681 1107 3722 et
1149 3676 1373 3736 gravitas
1408 3676 1481 3724 illi
1521 3677 1568 3724 in

525 3759 694 3812 erant,
730 3753 818 3801 sed
866 3752 1119 3800 simulata⁸
1157 3750 1212 3800 et
1244 3761 1482 3817 tanquam
1525 3769 1586 3802 ex

525 3827 811 3876 imitatione
856 3827 1264 3885 moderatoribus
1311 3829 1485 3878 inditae
1534 3840 1590 3879 et

530 3916 826 3972 [trium-*plan
885 3907 1138 3956 Marcellus
1168 3908 1402 3956 Donatus.
1473 3910 1588 3957 Non

530 3988 670 4048 cepit
722 3988 817 4032 iata
851 3986 1104 4044 Donatus,
1136 3985 1218 4046 qui
1256 3986 1362 4033 vult
1388 3985 1588 4035 tristem

530 4060 686 4108 filinae.
718 4064 987 4117 Neronem,
1022 4060 1263 4130 quamdiu
1302 4062 1396 4109 sub
1419 4062 1614 4124 paeda-⁴

538 4144 809 4204 gugu‚·ssc.
879 4137 991 4187 Imo
1039 4138 1233 4186 indicat
1281 4146 1475 4198 auctor,
1518 4141 1593 4189 in·

534 4222 694 4264 traete
722 4215 929 4277 curiam,
946 4222 1044 4264 διο.
1061 4215 1089 4244 ⁴¹*
1146 4215 1427 4266 Gronovius.

606 4292 883 4356 capessendi
914 4282 1097 4355 egregii
1135 4291 1351 4357 imperii]
1404 4295 1596 4353 Melior

448 4706 752 4882 L

1634 1054 1885 1118 Lipsium,
1924 1059 1984 1100 ut
2026 1051 2092 1099 de
2137 1048 2322 1097 mendo
2355 1043 2630 1107 suspiciat·
2653 1041 2707 1090 in

1636 1133 1750 1182 loco
1781 1132 1874 1181 lib.
1920 1144 1999 1180 xr.
2043 1128 2256 1178 verbum
2292 1123 2706 1187 adipiscerentur:

1637 1209 1652 1237 ‘
1675 1210 1742 1259 P.
1784 1207 2066 1258 Dolabella
2109 1203 2312 1254 censuit
2348 1196 2709 1262 spectaculum

1640 1285 1981 1349 gladiatorum
2028 1296 2123 1344 per
2165 1293 2342 1330 omnes
2376 1290 2538 1325 annos
2572 1274 2709 1323 cele-

1639 1359 1913 1421 brandum,
1952 1358 2175 1423 pecunia
2197 1371 2396 1417 eorum,
2429 1352 2517 1419 qui
2538 1365 2711 1419 quaes-

1644 1445 1810 1488 turam
1831 1433 2287 1501 adipiscerentur?-
2330 1432 2436 1482 Cur
2455 1430 2614 1492 enim,
2638 1427 2713 1476 in-

1642 1518 1773 1583 quit,
1787 1517 2049 1579 ἑμφατικῦς
2063 1517 2147 1565 hic
2165 1513 2434 1577 scriptum,
2451 1509 2532 1557 Ne
2550 1507 2714 1569 desig·-

1640 1594 1769 1644 natis
1787 1595 2005 1658 quidem.-
2037 1592 2134 1642 nisi
2175 1591 2297 1656 quia
2341 1593 2500 1636 antea
2543 1599 2615 1635 ex
2650 1596 2714 1633 ea

1593 1724 1609 1736 ,
1644 1675 1914 1725 sanctione
1951 1673 2147 1723 dabant
2193 1669 2348 1718 etiam
2385 1661 2713 1715 Candidati?

1643 1750 1719 1801 At
1743 1760 1800 1803 tu
1823 1751 1956 1801 scito
1996 1747 2302 1814 particulam
2322 1746 2459 1793 hanc
2481 1740 2606 1790 hinc
2626 1739 2715 1788 de-

1645 1830 1868 1892 lendam,
1903 1843 2018 1894 qnae
2056 1827 2251 1876 iterata
2285 1837 2352 1871 ex
2389 1817 2635 1883 sequenti
2656 1815 2720 1866 li-

1645 1921 1744 1956 nea
1781 1923 1795 1957 :
1859 1907 1874 1933 ‘
1921 1903 2074 1957 Quod
2135 1900 2343 1964 quidem
2395 1897 2718 1945 'adversante

1646 1980 1973 2048 Agrippina,’
2011 1983 2109 2028 ὅτε.
2153 1978 2228 2026 ita
2250 1982 2417 2041 totum
2438 1972 2572 2022 illud
2597 1983 2719 2020 con-

1648 2063 1813 2112 cidit:
1860 2066 1917 2110 et
1958 2057 2178 2107 Tacitus
2215 2055 2310 2103 sibi
2337 2067 2439 2102 non
2463 2051 2722 2099 dissenta-

1649 2156 1792 2190 neus.
1859 2138 2016 2188 Ponit
2060 2141 2244 2186 auctor
2273 2133 2371 2181 hoc
2410 2129 2722 2192 ‚exemplum

1649 2217 1976 2266 decretorum
1997 2215 2254 2264 Senatus:
2288 2212 2304 2238 ‘
2331 2209 2416 2258 Ne
2434 2202 2723 2269 designatis

1651 2295 1992 2361 quaestoribus
2006 2291 2190 2342 edendi
2212 2289 2530 2354 gladiatores
2542 2298 2728 2334 necess

1651 2373 1778 2422 sitas
1801 2378 1941 2422 esset
1965 2370 1998 2420 ε’
2035 2369 2217 2418 eadem
2249 2365 2434 2424 forma,
2455 2378 2562 2428 qua
2597 2362 2728 2411 alte·

1653 2463 1785 2511 rum,
1824 2447 1962 2513 quod
1995 2445 2299 2510 praecessit:
2335 2442 2350 2470 ⁴
2370 2441 2458 2490 Ne
2484 2439 2625 2504 quis
2658 2436 2726 2488 ad

1655 2542 1859 2578 causam
1891 2524 2133 2575 orandam
2169 2519 2414 2572 mercede
2446 2522 2542 2567 aut
2575 2513 2726 2566 donis

1655 2600 1950 2656 emeretur!
2003 2599 2264 2650 Acidalius.
2582 2654 2590 2659 .

1724 2680 1863 2735 Quod
1883 2678 2034 2727 ouum
2050 2680 2251 2737 arceret,
2263 2673 2424 2723 aditus
2435 2685 2531 2721 non
2546 2669 2729 2719 adime·

1655 2756 1754 2818 ret]
1810 2753 2017 2818 Lipsius
2055 2751 2251 2813 mallet,
2289 2748 2501 2800 auditus.
2565 2747 2731 2798 Forte

1656 2832 1857 2893 melius»,
1874 2829 2119 2879 αιιάίἰιιηιε
2156 2827 2241 2878 vel
2265 2827 2308 2875 si
2331 2824 2494 2888 magis
2515 2822 2733 2887 probes,

1656 2911 1868 2967 adituum·
1908 2922 2033 2957 curn
2049 2902 2395 2970 praecesserit,
2415 2901 2588 2950 visum.
2607 2931 2618 2938 -
2641 2899 2731 2950 Pi·
2754 2891 2758 2895 ’

1657 2986 1838 3036 chena.
1905 2985 2026 3034 Non
2050 2980 2396 3032 dubitavimus
2431 2978 2483 3026 iu
2522 2981 2732 3037 textugn

1659 3065 1894 3128 recipere
1938 3061 2273 3113 certissimam
2309 3055 2734 3107 emendationem

1662 3141 1852 3205 Lipsii:
1877 3139 2018 3203 prius
2043 3145 2156 3186 erat
2180 3137 2337 3187 aditus
2359 3150 2452 3182 non
2473 3132 2733 3193 adimeret,

1661 3225 1843 3268 contra
1864 3222 2087 3265 mentem
2107 3214 2356 3264 auctoris,
2421 3209 2655 3273 Auditus,
2675 3214 2736 3259 ut

1659 3292 1943 3345 visurinfra
1967 3306 2094 3341 xm.
2123 3296 2204 3340 16.
2242 3289 2460 3349 Freinsh.
2502 3318 2507 3324 ·
2610 3336 2615 3343 ,
2735 3328 2739 3334 .

1729 3373 1990 3420 Escendere
2041 3365 2338 3430 suggestum]
2414 3361 2737 3414 probissima

1662 3464 1780 3509 vox,
1824 3454 1880 3496 et
1916 3445 2130 3510 repperi
2175 3446 2248 3494 ita
2294 3445 2345 3492 in
2393 3441 2741 3500 Farnesiano‚·

1663 3526 1815 3575 sicuti
1843 3524 2014 3588 paullo
2060 3532 2176 3586 post
2217 3522 2268 3570 in
2296 3521 2531 3573 vatican.
2567 3534 2734 3582 anqus-
2828 3552 2834 3558 .

1661 3603 1846 3654 rebant.
1917 3603 2085 3650 Nemo
2105 3606 2277 3648 autem
2299 3597 2496 3656 tinctus
2512 3597 2741 3647 haume«

1664 3681 1775 3728 liori
1802 3680 2093 3738 literatura,
2117 3676 2200 3725 cui
2223 3688 2326 3723 non
2350 3674 2449 3722 ista
2470 3671 2628 3722 hodie
2645 3685 2738 3721 no·

1664 3765 1735 3806 ta.
1786 3756 1992 3819 Lipsius.
2438 3770 2447 3775 ·

1756 3835 2011 3882 Escendere
2071 3836 2343 3893 suggestum
2401 3826 2748 3892 Imperatoris}

1664 3911 1911 3969 Verbum,
1955 3911 2212 3966 escendere,
2252 3923 2283 3955 a
2319 3906 2495 3970 Lipsio
2519 3920 2586 3954 ex
2611 3907 2745 3965 Far-

1665 3987 1875 4042 nesiano
1921 3986 2110 4036 Codice
2167 3984 2486 4041 restitutum,
2529 3999 2560 4032 a
2600 3983 2736 4034 Flor.

1665 4064 1997 4113 confirmatur
2021 4081 2032 4111 :
2059 4062 2209 4110 sicuti
2238 4060 2388 4121 {naulo
2415 4069 2553 4123 post,
2571 4058 2746 4122 anoni-2

1665 4141 1847 4190 rebant.
1914 4142 2098 4203 Vulgo,
2133 4141 2395 4199 ascendere,
2419 4144 2495 4200 et,
2517 4135 2735 4200 ,inquire-

1666 4219 1794 4275 bant.
1832 4219 2078 4268 Pichena.
2121 4238 2126 4245 ·
2266 4253 2278 4262 -1
2436 4251 2454 4267 -,
2489 4256 2499 4264 ..
2565 4266 2569 4273 ,
2625 4248 2680 4275 .s

1734 4296 1870 4366 Car.
1904 4300 1955 4346 6.
1989 4290 2181 4346 Contra
2202 4294 2290 4345 alii
2324 4293 2500 4346 melius
2530 4294 2739 4355 evenisse
