3009 4942
770 434 919 484 mu.
966 434 1098 484 xv.
1146 434 1315 483 car.
1349 418 1454 507 14.
1500 433 1941 482 ANNALmM.

259 575 377 642 fuit,
397 576 521 645 quid
536 575 763 629 futurum
791 578 1040 643 Armenia
1061 579 1148 644 sit,
1167 596 1318 646 quam

259 655 314 711 in
346 656 837 706 manu‘Parthorum
874 671 1111 722 posuere,
1132 658 1319 707 ceden-

263 731 393 783 tibus
446 733 731 796 legionibus
792 734 1058 795 Romanis,
1105 733 1317 797 dignum

259 823 365 859 esse
386 809 752 860 Arsacidarum
777 812 858 860 vel
889 810 1139 860 memoria
1159 807 1318 859 foede-

263 892 369 935 rum
401 887 481 935 vel
522 886 963 935 commiseratione
999 883 1240 949 fortunae,
1260 891 1320 939 ut

261 962 410 1012 etiam
434 962 500 1011 de
522 963 806 1026 legionibus
837 963 984 1013 Rom.
1006 968 1317 1013 statuerent.

259 1039 479 1089 Perinde
516 1045 595 1088 est
628 1040 803 1103 itaque
845 1045 909 1088 ut
950 1039 992 1089 si
1036 1039 1317 1104 scripserit,

209 1118 214 1125 '
260 1109 564 1180 exspectare
587 1114 684 1164 sibi
707 1129 822 1166 esse
844 1116 896 1164 in
919 1118 1086 1165 animo
1109 1114 1319 1178 fratreS,

258 1200 311 1243 et
343 1195 395 1242 in
434 1192 487 1243 id
522 1199 725 1257 tempus
765 1195 1035 1244 consilium
1058 1202 1124 1245 et
1147 1195 1315 1244 locum

259 1270 478 1336 rejicere
506 1287 520 1320 ε
554 1271 694 1320 Deos
718 1272 972 1342 adjecisse
996 1276 1167 1322 tamen
1191 1274 1314 1337 quid

257 1356 526 1399 cernerent
560 1350 625 1398 de
662 1348 943 1400 Armenia:
1001 1350 1315 1416 dignumque

256 1441 363 1477 esse
379 1428 610 1477 Familiae
628 1427 953 1492 nominisque
971 1429 1067 1491 sui,
1083 1435 1314 1479 statuere

254 1520 349 1555 una
370 1507 435 1555 de
453 1506 742 1570 legionibus
764 1507 1026 1558 Romanis.
1051 1509 1314 1558 Ferrettus.

314 1583 554 1644 Adiecisse
592 1585 726 1634 Deos
762 1585 984 1649 dignum]
1039 1587 1206 1636 Locus
1246 1586 1313 1637 de

255 1675 349 1726 quo
388 1662 491 1712 tria
522 1662 683 1711 verba
719 1677 820 1712 non
859 1678 1061 1727 possum
1092 1664 1311 1713 hiscere.

253 1737 457 1803 Lipsius.

259 1877 268 1885 ·
308 1816 551 1878 Adjecisse
580 1817 710 1868 Deos
746 1819 943 1882 dignum
975 1818 1314 1868 Arsacidarum

250 1892 384 1943 amaa
414 1900 464 1943 et
494 1895 552 1943 de
572 1895 835 1957 legionibus
854 1896 997 1945 Rom.
1031 1892 1316 1958 statuerent]

250 1969 585 2021 Scribendnm
629 1979 866 2037 apparet,
909 1972 1167 2034 Adiecisset
1218 1986 1314 2032 eos,

247 2044 437 2108 dignum
469 2049 827 2112 Arsacidarum,
848 2050 928 2112 85c.
990 2048 1181 2098 Sensus
1198 2054 1309 2097 est:

250 2116 541 2188 Rescripsit
578 2124 862 2189 Vologeses
921 2140 976 2175 se
1021 2125 1312 2175 adhibuisse

249 2196 434 2249 fratres
456 2201 638 2250 suosin
656 2202 945 2266 consilium,
966 2203 1226 2253 Pacorum
1250 2218 1311 2252 ac

249 2274 551 2340 Tiridatem,
575 2283 633 2327 ut
666 2278 820 2342 digne
857 2278 1123 2329 Arsacidis
1161 2280 1309 2330 simul

250 2359 304 2425 et
347 2354 598 2404 Romanis
633 2361 940 2406 statuerent.
1031 2356 1136 2405 Cur
1174 2357 1309 2405 enim

248 2443 349 2480 non
371 2431 567 2494 possim
589 2430 809 2481 docendi
843 2431 1015 2496 gratia
1045 2431 1119 2481 sic
1155 2431 1314 2497 loqui,

252 2519 400 2570 quum
426 2506 614 2556 Cicero
660 2507 871 2570 dixerit,
904 2509 920 2536 ‘
945 2510 1314 2558 convenienter

251 2588 449 2632 naturae
473 2583 685 2634 vivere!
748 2584 993 2635 Arbitror
1015 2593 1190 2636 autem
1212 2588 1316 2648 dig-

248 2672 355 2708 num
396 2660 739 2710 Arsacidarum
794 2662 1081 2725 imitatione
1125 2663 1315 2713 Graeca

250 2738 526 2799 protulisse
570 2737 704 2800 ἀξίως
744 2741 839 2788 τῶν
878 2740 1176 2803 Ἀρσακιδῶν·
1216 2740 1315 2789 uisi

251 2814 360 2878 qnis
404 2814 571 2880 malit,
604 2815 800 2879 dignum
835 2817 1175 2866 Arsacidarum
1217 2832 1313 2882 pro

248 2892 531 2954 dignitatem
552 2895 889 2943 Arsacidarum
908 2911 924 2943 .·
954 2894 1052 2944 hoc
1070 2901 1148 2944 est
1168 2911 1182 2955 ;
1217 2910 1315 2959 pro

250 2965 507 3031 dignitate
531 2967 893 3019 Arsacidarum
912 2970 1063 3038 simul
1085 2976 1139 3019 et
1157 2973 1220 3020 de
1243 2972 1315 3020 le-

249 3044 480 3107 gionibus
508 3047 658 3096 Rom.
695 3053 1005 3097 statuerent.
1045 3047 1315 3098 Rhenanus.

246 3120 298 3171 Si
322 3122 434 3189 quis
458 3137 540 3172 me
564 3123 758 3187 audiet,
779 3123 853 3172 ita
875 3123 1036 3187 leget,
1068 3124 1315 3187 Adiecisse

247 3214 338 3264 eos,
366 3202 567 3264 dignum
602 3201 962 3265 Arsacidarum,
991 3202 1132 3251 simul
1165 3207 1220 3251 ut
1256 3204 1314 3251 de

245 3277 504 3338 legionibus
529 3279 666 3328 Rom.
682 3283 944 3331 statuerem
961 3295 979 3327 .·
1009 3279 1106 3328 hoc
1126 3294 1313 3341 sensu3

246 3350 557 3405 A‘dhibuisse
595 3353 786 3423 fratres
806 3354 858 3404 in
883 3355 1172 3419 consilium,
1202 3355 1313 3420 dig-

246 3442 362 3480 num
384 3445 502 3480 esse
521 3430 807 3496 Arsacidis,
829 3439 889 3481 ut
923 3447 1023 3481 una
1058 3432 1123 3481 de
1143 3432 1313 3497 ‘legio-

248 3508 394 3559 nibus
435 3511 594 3560 Rom.
627 3509 989 3561 ‘deliberarent
1031 3511 1154 3575 quid
1199 3509 1313 3561 fieri

247 3592 529 3649 oporteret.
594 3587 890 3638 Vertranius.
974 3587 1199 3637 Videtur
1247 3603 1313 3638 ex

246 3678 358 3719 wc.
396 3666 475 3715 ita
502 3665 755 3729 legendus
789 3666 874 3715 hic
914 3666 1092 3715 locus:
1130 3667 1235 3722 Quo
1255 3668 1313 3715 de

246 3744 473 3795 Armenia
522 3747 835 3815 decernerent.
923 3743 1163 3806 Adiecisse
1207 3749 1315 3796 deos

246 3819 441 3883 Quum
462 3820 819 3887 Arsacidarum,
840 3823 981 3871 simul
1004 3829 1057 3872 ut
1077 3824 1135 3872 de
1171 3823 1315 3886 legio-

245 3896 380 3946 nibus
406 3899 544 3948 Rom.
564 3903 840 3948 statuerent.
879 3900 1115 3949 Ursinus.
1174 3901 1316 3949 Mor-

248 3970 322 4024 bis
345 3975 637 4038 desperatis
665 3976 821 4041 quale
856 3977 1009 4042 quale
1034 3976 1315 4027 remedium

247 4063 347 4099 non
384 4051 611 4102 dedecet
635 4052 875 4102 adbibere
892 4069 910 4102 :-
943 4052 1170 4119 illudque
1192 4054 1317 4104 inde

247 4126 369 4175 mihi
408 4134 602 4191 petam,
643 4128 780 4177 uude
819 4128 978 4179 toties
1015 4136 1316 4194 suggestum

251 4210 329 4253 est
348 4221 364 4254 ι
398 4204 513 4255 scil.
550 4219 595 4268 a*
612 4205 941 4268 parenthesi:
982 4205 1111 4263 Quid
1132 4209 1192 4256 de
1219 4206 1317 4258 Ar-

250 4283 407 4332 menia
426 4287 668 4333 cernerent
702 4282 963 4347 (adjecisse
995 4284 1103 4337 deos
1121 4285 1320 4347 dignum

251 4357 624 4425 Arsacidarum)
643 4360 783 4412 simul
802 4364 848 4411 et
867 4360 927 4411 de
951 4360 1177 4414 Romanis
1203 4362 1320 4424 leg-i-

2281 382 2457 485 4035

1396 579 1565 629 onibus
1617 582 1894 631 statuerent.
1968 578 2180 629 Fratres
2242 575 2456 643 (inquit)
2499 574 2511 583 ”

1395 660 1654 719 expecto:
1706 655 1896 703 etenim
1924 653 2060 703 iuter
2089 668 2179 704 nos
2205 653 2315 717 jam
2339 669 2456 704 con·

1393 733 1555 795 venit,
1577 740 1633 780 ut
1666 730 1749 781 hic
1788 746 1963 780 omnes
1987 731 2053 780 de
2088 730 2242 780 rebus
2279 732 2460 780 Arme-

1394 809 1495 858 niae
1514 809 1873 870 decernamus,
1891 807 2065 874 (cujus
2089 808 2458 870 possessionem

1396 885 1469 934 dii
1491 892 1552 935 ut
1585 899 1691 933 rem
1724 882 1932 947 dignam
1973 884 2358 949 Arsacidarum,
2395 884 2457 935 iis

1394 960 1747 1023 tradiderunt)
1782 961 2031 1025 simulque
2067 960 2458 1021 statuamusde
2543 1018 2552 1025 ⁵

1393 1037 1684 1102 legionibus
1708 1037 1967 1087 Romanis.
1998 1037 2323 1111 subobscure·
2345 1037 2457 1102 qui-
2545 1059 2554 1064 -

1393 1119 1511 1167 dem
1551 1119 1647 1166 hoc
1686 1118 1739 1165 in
1776 1118 1889 1166 loco
1927 1116 2206 1179 Vologeses
2229 1117 2456 1180 apertius

1394 1195 1546 1245 alibi:
1579 1196 1647 1244 Se
1673 1193 1862 1258 priora,
1896 1198 1952 1242 et
1974 1193 2127 1242 toties
2141 1192 2349 1256 jactata
2372 1208 2455 1242 su-

1391 1285 1486 1335 per
1530 1269 1812 1320 obtinenda
1856 1267 2104 1318 Armenia
2141 1283 2277 1318 nunc
2310 1258 2458 1319 omitss

1392 1354 1528 1412 tere,
1547 1347 1784 1412 quoniam
1804 1345 1897 1395 Dii
1915 1345 2145 1410 quamvis
2162 1346 2456 1410 potentium
2510 1351 2515 1356 ’

1390 1425 1701 1489 populorum
1726 1422 1906 1472 arbitri
1931 1422 2303 1487 possessionem
2327 1424 2454 1473 Par-

1390 1502 1489 1550 this
1515 1517 1618 1551 non
1640 1501 1751 1550 sine
1787 1499 2060 1564 ignominia
2096 1499 2326 1548 Romana
2348 1506 2453 1549 tra-

1390 1578 1656 1629 didissent.
1700 1575 1763 1626 'rb
1785 1576 1983 1636 adjicere
2003 1577 2112 1625 sive
2134 1576 2320 1640 addere,
2353 1590 2451 1639 pro

1388 1658 1517 1706 dare.
1581 1657 1788 1705 Terent.
1829 1655 1962 1704 Eun.
2028 1651 2044 1680 ‘
2071 1652 2239 1704 Quam
2283 1653 2453 1719 inique

1390 1740 1741 1796 comparatum
1765 1736 1865 1794 est,
1894 1729 1930 1779 ii
1955 1728 2041 1793 qui
2076 1729 2239 1778 minus
2259 1722 2455 1780 habent

1393 1808 1467 1859 Ut
1505 1823 1710 1872 semper
1748 1804 1943 1871 aliquid
1977 1805 2176 1855 addant
2210 1805 2456 1857 divitiori-

1390 1885 1532 1937 bus?
1566 1885 1843 1935 Salinerias.
1911 1882 2234 1947 Desperatus
2273 1882 2453 1948 Lipsio

1387 1970 1550 2032 locus,
1582 1968 1668 2033 qui
1712 1966 1813 2016 tria
1844 1964 1908 2015 de
1952 1978 2013 2014 eo
2051 1963 2211 2015 verba
2253 1963 2461 2014 hiscere

1390 2059 1491 2094 non
1530 2048 1722 2108 potest.
1788 2043 1902 2104 Ego
1938 2040 2146 2104 aliquid,
2181 2040 2283 2090 imo
2324 2042 2454 2091 mul-

1388 2129 1497 2173 tum
1543 2136 1768 2187 possum,
1798 2120 1890 2170 sed
1930 2119 2061 2170 certi
2100 2126 2271 2168 tamen
2308 2120 2453 2175 nibil.

1386 2201 1569 2250 Visum
1592 2205 1674 2249 est
1702 2198 1865 2264 primo
1888 2202 2253 2259 transponere:
2307 2196 2457 2245 Illum

1387 2280 1535 2327 locum
1577 2283 1846 2341 tempusque
1907 2273 2096 2323 consilio
2149 2271 2453 2337 destinatum,

1386 2357 1502 2420 quid
1537 2352 1596 2405 de
1629 2355 1879 2413 Armenia,
1909 2367 2053 2413 reguo
2094 2349 2454 2413 Arsacidarum,

1378 2437 1626 2498 ‚cernerent
1644 2429 1892 2499 {adiecisse
1911 2429 2037 2477 Deos
2047 2425 2186 2479 simiel
2200 2427 2323 2474 atde
2338 2424 2456 2487 legi-

1387 2509 1552 2558 onibus
1593 2509 1730 2557 Rom.
1763 2507 2041 2556 statuerent.
2106 2503 2302 2551 Postea
2340 2501 2450 2551 sine

1387 2585 1790 2649 transpositione
1813 2582 2046 2646 legebam
2085 2580 2288 2649 saltem,
2308 2578 2453 2639 Adje-

1386 2665 1503 2714 cisse
1526 2666 1653 2728 Deos
1679 2661 1885 2724 fastigio
1915 2658 2274 2718 Arsacidarum,
2309 2656 2454 2706 simul

1386 2747 1434 2791 et
1468 2742 1660 2811 deseg.
1708 2739 1775 2790 R.
1820 2740 2095 2787 statuerent.
2163 2734 2451 2798 Fastigium

1389 2817 1757 2869 Arsacidarum
1795 2813 1939 2864 initio
1974 2813 2131 2862 etiam
2164 2810 2311 2875 hujus
2334 2808 2454 2861 libri

1387 2895 1552 2945 dixit:
1587 2894 1811 2959 Spretam
1829 2891 2166 2942 Arsacidarum
2188 2887 2453 2951 fastigium

1388 2972 1461 3022 ire
1490 2973 1641 3022 altum
1668 2972 1840 3021 volens.
1905 2969 2082 3018 Possit
2118 2966 2310 3017 etiam:
2345 2965 2451 3015 Ad·
2483 2958 2488 2965 ’

1372 3049 1542 3111 jecisse
1562 3050 1706 3106 Deos,
1724 3049 1781 3096 de
1797 3061 1939 3109 regno
1954 3044 2291 3101 Arsacidarum
2310 3043 2451 3117 simul

1388 3133 1436 3177 et
1455 3129 1513 3178 de
1534 3129 1627 3188 leg.
1668 3125 1737 3174 R.
1754 3128 2034 3174 statuerent.
2063 3122 2201 3175 Quid
2235 3122 2277 3170 si
2313 3121 2454 3183 lega·

1388 3205 1501 3254 tur?
1550 3204 1742 3252 Illorum
1776 3200 2021 3262 (fratrum
2059 3196 2211 3262 scil.)
2262 3196 2465 3259 consilia

1385 3284 1534 3332 heum
1567 3287 1833 3344 tempusque
1865 3277 2223 3339 designandum,
2263 3289 2353 3336 quo
2390 3274 2452 3323 de

1388 3357 1616 3407 Armenia
1636 3358 1893 3404 cernerent.
1948 3351 2185 3413 Adiecisse
2203 3351 2330 3400 Deos
2350 3349 2454 3398 Ar-

1384 3437 1650 3486 sacidarum
1662 3431 1870 3494 fastigio
1906 3432 2125 3490 dignum,
2147 3428 2288 3477 simul
2318 3432 2372 3476 ut
2393 3427 2454 3475 de

1386 3514 1479 3574 leg.
1503 3513 1568 3560 R.
1591 3513 1867 3559 statuerent.
1906 3505 2186 3556 Acidalius.
2251 3504 2452 3568 Trajec·

1388 3590 1529 3639 tione
1553 3597 1608 3637 et
1640 3587 1926 3637 mutatione
1966 3583 2101 3634 haud
2140 3583 2304 3633 multa
2340 3594 2457 3631 sen·

1387 3648 1498 3716 sum
1522 3663 1790 3728 Vologesis
1814 3663 2052 3726 epistolae
2081 3664 2452 3724 congruentem

1386 3745 1460 3794 sic
1483 3758 1644 3792 eruo:
1696 3741 1929 3803 Allegisse
1963 3741 2090 3790 Deos
2122 3738 2254 3787 illum
2285 3737 2450 3800 locum,
2470 3794 2475 3801 Ἴ,

1387 3828 1652 3885 tempusque
1666 3820 1863 3881 dignam
1884 3816 2224 3867 Arsacidarum
2258 3813 2452 3863 consilio

1386 3901 1689 3961 destinatum,
1723 3898 1831 3962 qaid
1865 3898 1921 3945 de
1947 3893 2169 3943 Armenia
2191 3895 2453 3955 cernerent,

1386 3979 1527 4028 simul
1548 3982 1595 4026 et
1616 3978 1673 4025 de
1694 3977 1788 4036 leg.
1808 3974 1874 4022 R.
1896 3972 2173 4020 statuerent.
2209 3963 2443 4019 Grotius.

1387 4053 1570 4103 Ausim
1608 4049 1933 4115 sponsionem
1977 4044 2152 4095 facere
2191 4044 2264 4093 ita
2302 4049 2450 4093 recte

1387 4133 1557 4183 locum
1575 4128 1868 4190 habere,qui
1880 4127 1937 4174 de
1951 4122 2172 4173 Armenia
2184 4125 2421 4169 cernerent
2436 4137 2454 4170 .-

1388 4216 1461 4274 et,
1492 4208 1631 4257 simul
1654 4208 1711 4255 de
1744 4202 2019 4266 leg-ionibus.
2090 4198 2187 4254 Qui
2222 4212 2316 4261 pro
2344 4196 2453 4255 Quo

1392 4285 1501 4336 sive
1535 4284 1601 4333 Ut
1622 4281 1861 4346 positum.
1930 4277 2131 4325 Cernere
2150 4274 2232 4324 hic
2251 4278 2468 4323 certare·

1392 4367 1491 4414 est.
1517 4361 1733 4423 Dignum
1749 4355 2104 4418 Arsacidarum,
2127 4358 2288 4417 recte,
2304 4363 2453 4423 aeque
