3009 4942
525 405 702 471 4246

527 569 651 613 runt
713 562 781 613 ad
839 561 1110 614 victoriam
1153 561 1587 628 persequendam,

530 647 780 706 quantum
806 640 858 689 iu
879 640 1023 705 fuga,
1061 649 1116 690 et
1139 642 1193 691 in
1228 642 1475 704 adversis,
1497 642 1586 691 ubi

527 717 782 781 cujusque
800 718 965 769 virtus
990 720 1255 782 expetitur
1287 719 1396 769 sine
1432 733 1587 768 aeniu-

527 794 753 847 latione:
796 796 1015 845 maxime
1059 813 1216 861 quum
1257 797 1456 846 minore
1501 798 1589 845 de-

528 870 771 930 trimento
818 872 930 936 quis
976 874 1247 922 victoriam
1286 889 1315 921 e
1356 873 1588 922 manibus

531 947 756 1009 amittat,
785 964 937 1014 quam
974 950 1039 999 ab
1068 951 1299 999 hostibus
1336 950 1589 1000 vincatur.

530 1024 736 1074 Saliner.
802 1026 1086 1076 Defectum
1124 1027 1205 1076 hic
1243 1042 1352 1076 esse
1384 1028 1590 1092 Lipsius

506 1104 838 1168 'suspicatur.
904 1105 1155 1153 Frustra:
1190 1106 1344 1167 plena
1366 1112 1421 1154 et
1461 1106 1592 1154 inte-

530 1194 622 1241 gra
654 1181 844 1242 omnia,
890 1181 933 1229 si
972 1195 1089 1230 cum
1128 1181 1401 1245 Rodolpho
1446 1184 1592 1245 legas

530 1256 724 1320 victuri,
762 1257 852 1306 sed
877 1272 999 1307 vero
1021 1265 1078 1308 et
1110 1259 1262 1308 aliter
1285 1260 1591 1323 distinguas,

531 1333 787 1396 quomodo
845 1334 1066 1384 voluisse
1127 1336 1451 1399 Rodolphum
1494 1352 1590 1398 ego

531 1423 631 1457 non
654 1410 850 1461 dubito.
913 1413 1166 1476 Lipsium,
1191 1415 1272 1464 cui
1294 1415 1454 1464 lectio
1475 1415 1590 1478 ejus

531 1492 671 1549 nota,
692 1488 829 1536 idem
851 1502 957 1537 non
974 1490 1393 1539 animadvertisse
1414 1492 1589 1541 miror.

530 1562 823 1625 Jungendae
855 1565 932 1614 hae
955 1580 1110 1615 voces
1134 1567 1503 1630 superioribus,
1537 1573 1594 1617 ut

531 1638 636 1687 sint
658 1642 1129 1703 comprehensionis
1148 1646 1259 1707 ejus
1300 1654 1592 1708 postremae.

531 1716 705 1778 Lege:
743 1718 841 1766 Sed
862 1719 1153 1778 nbifortima
1175 1722 1472 1784 conti-afuit,
1501 1739 1594 1773 mm

534 1794 699 1840 laxare
741 1794 944 1855 ordines,
986 1812 1077 1844 non
1118 1799 1325 1859 recipere
1363 1799 1596 1862 turbatos,

532 1883 626 1917 non
660 1870 842 1920 obviam
879 1873 969 1933 ire,
1003 1875 1218 1936 ultroque
1252 1875 1453 1936 aggredi
1489 1877 1594 1924 hos·

536 1950 649 2007 tem,
683 1953 870 1999 tantum
903 1964 991 2012 per
1010 1951 1215 2012 spatium
1239 1968 1378 2002 cursu
1410 1958 1456 2000 et
1474 1969 1596 2015 pug-

534 2025 687 2071 nando
697 2023 1041 2088 fessum,forte
1062 2029 1257 2078 victuri.
1324 2030 1464 2080 Haut
1482 2047 1593 2094 per-

534 2100 660 2165 inde,
684 2106 766 2163 &c-
814 2103 1022 2156 Acidal.
1091 2108 1165 2157 At
1201 2110 1473 2159 nihildum
1512 2111 1595 2161 hic

536 2176 602 2226 de
650 2180 903 2230 victoria:
971 2197 1070 2232 nec
1114 2199 1238 2233 sane
1282 2184 1420 2237 forte
1466 2189 1596 2238 victi

536 2262 672 2317 sunt,
722 2258 815 2306 sed
858 2259 1104 2310 latissima
1157 2263 1383 2327 ipsorum
1427 2262 1625 2330 culpa,

517 2334 669 2395 ‘quod
694 2335 877 2384 ducem
902 2351 1003 2386 non
1034 2339 1306 2400 haberent,
1346 2342 1438 2390 sed
1461 2341 1598 2391 forte

536 2419 869 2469 regerentur:
896 2412 1050 2478 idque
1071 2415 1236 2478 ipsum
1259 2417 1342 2466 hic
1369 2418 1598 2468 indicare

537 2488 701 2535 voluit
753 2489 980 2551 Tacitus,
1033 2491 1413 2559 legendumque
1479 2510 1599 2544 cen-

537 2577 712 2612 seam:
751 2565 897 2615 Forte
917 2569 1035 2631 neti,
1065 2569 1160 2618 hoc
1194 2577 1294 2630 est,
1318 2585 1419 2619 non
1442 2572 1602 2635 impe-

536 2640 612 2688 rio
646 2655 744 2690 nec
772 2642 919 2706 jussu
958 2645 1169 2708 ducum,
1205 2646 1295 2695 sed
1337 2645 1475 2696 forte
1499 2648 1602 2698 for·

535 2725 665 2767 tuna
704 2720 1037 2783 regebantur.
1120 2723 1423 2773 Notandum
1463 2726 1601 2775 istud

526 2794 661 2854 forte
680 2798 965 2863 plerunque
988 2803 1178 2864 opponi
1202 2803 1417 2853 consilio
1438 2812 1604 2868 certo,

538 2875 910 2940 propositoque
934 2885 989 2925 et
1026 2878 1267 2928 instituto
1293 2895 1408 2930 cum
1449 2882 1602 2930 ratio·

536 2965 634 2999 ne:
668 2953 921 3015 quomodo
958 2969 1115 3018 supra
1150 2971 1244 3006 xv.
1288 2964 1369 3008 60.
1403 2962 1418 2988 ‘
1441 2959 1600 3024 forte,

540 3042 604 3075 an
642 3029 919 3091 prudens&
950 3037 1004 3079 et
1046 3045 1139 3080 xv.
1174 3038 1255 3083 38.
1300 3036 1315 3060 ‘
1339 3034 1495 3098 forte,
1537 3051 1603 3085 an

540 3106 680 3180 dolo,
720 3107 1014 3159 incertum?
1079 3113 1271 3174 Agendi
1293 3124 1464 3163 autem
1490 3129 1602 3163 ver-

537 3183 603 3232 bo
627 3184 782 3234 etiam
808 3187 953 3236 ducis
986 3188 1255 3252 imperinm
1287 3193 1603 3255 continetur,

537 3266 598 3309 nt
622 3262 758 3324 apud
783 3263 969 3325 Virgil.
995 3266 1026 3315 Ι.
1051 3279 1151 3315 vn.
1195 3268 1210 3294 ‘
1235 3281 1472 3331 magnum
1498 3269 1603 3333 Ag-

538 3352 657 3387 men
680 3353 837 3401 agens
857 3342 1071 3391 Clausus
1088 3341 1120 3391 ι’
1148 3344 1491 3394 Commnndnnt
1513 3360 1604 3395 une

534 3419 716 3476 grande
738 3422 951 3483 trouppe.
985 3421 1071 3469 Sic
1093 3437 1237 3483 agere
1266 3438 1481 3484 regnum,
1505 3439 1602 3486 pro

537 3507 737 3555 regere,
763 3497 1140 3545 administrare.
1208 3499 1344 3548 Vide
1368 3501 1603 3550 Iudicem

539 3569 666 3618 edit.
705 3571 846 3622 Flori
880 3574 1227 3639 subjunctum,
1250 3578 1407 3626 verbo
1426 3578 1603 3640 Agere.

540 3645 856 3697 Freinshem.

607 3725 737 3781 Quos
755 3727 941 3776 militia·
960 3730 1117 3790 gloria
1154 3731 1427 3791 legionariis
1446 3747 1604 3794 qnam·

539 3817 677 3863 quam
692 3806 869 3866 raptim
890 3807 1069 3865 ductos,
1088 3809 1323 3870 oequabat]
1358 3809 1494 3858 Quia
1519 3809 1604 3856 ab·

535 3879 724 3928 lativus
759 3883 916 3943 gloria
959 3899 1059 3930 non
1102 3895 1182 3932 est
1224 3885 1276 3931 in
1319 3886 1606 3948 exemplari

540 3958 643 4006 Ms.
677 3957 812 4007 forte
855 3962 1041 4009 militioe
1065 3962 1263 4010 dictum
1305 3969 1386 4010 est
1424 3963 1607 4011 adver-

539 4034 766 4097 bialiter,
804 4053 897 4100 pro
935 4040 987 4086 in
1021 4040 1212 4088 militia.
1281 4041 1494 4102 Legitur
1519 4056 1605 4089 au-

539 4113 776 4161 temillic
802 4116 1063 4176 oequubemt.
1101 4118 1389 4165 Rhenanus.
1434 4117 1605 4181 Turpe

541 4189 783 4237 mendum
821 4191 1105 4254 irrepserat
1145 4194 1195 4240 in
1220 4194 1408 4243 omnib.
1434 4194 1606 4257 editis,

544 4270 729 4312 contra
752 4267 881 4316 Mss.
904 4267 1078 4330 fidem,
1099 4270 1276 4319 addita
1304 4285 1451 4332 voce,
1482 4271 1611 4320 mili-

542 4340 627 4388 tia
641 4341 798 4402 gimo
816 4343 1107 4411 legionariis,
1127 4349 1208 4412 85⁶.
1269 4349 1410 4398 Nam
1427 4349 1470 4398 si
1492 4362 1610 4398 ver-

1218 417 1431 467 No‘l'AE
1475 416 1879 468 vAluoRUM
1928 417 2009 465 ΙΝ

1662 561 1746 625 ba,
1781 578 2044 626 quanquam
2065 562 2240 625 raptim
2259 563 2439 622 duem,
2473 559 2723 610 attentius

1664 638 2012 702 introspiciaS,
2053 638 2322 701 fateberis,
2362 638 2490 686 nihil
2515 637 2581 686 ad
2622 637 2722 700 glo·

1664 715 1812 780 riam,
1848 717 2002 764 immo
2035 717 2100 764 ad
2124 707 2352 779 corporis
2388 713 2544 763 vires.
2611 714 2724 762 Nec

1664 792 1792 842 satis
1816 792 1984 854 video,
2006 793 2127 856 qnid
2152 799 2243 842 ant
2265 791 2543 841 detrahere
2568 789 2726 852 possit

1664 868 1868 918 militari
1905 869 2078 932 gloriae
2109 870 2220 934 jam
2257 874 2443 933 partae,
2486 880 2728 930 propera-

1666 950 1773 993 tum
1797 945 1930 1008 iter;
1965 952 2056 995 aut
2079 944 2352 1008 proficere,
2381 944 2423 996 si
2457 942 2728 1007 quantum·

1668 1022 1792 1071 libet
1834 1022 1999 1073 otiose
2047 1023 2189 1072 ducti
2237 1021 2478 1069 fuissent.
2547 1017 2731 1067 Potius

1666 1098 1841 1147 dicere
1863 1104 2186 1163 oportuerat,
2207 1098 2397 1147 militiae
2415 1095 2732 1157 assuetudine,

1667 1182 1759 1227 aut
1811 1179 2171 1239 exercitatione,
2226 1183 2316 1229 aut
2359 1176 2498 1226 aliud
2551 1173 2732 1223 simile.

1665 1253 1853 1319 Itaque
1873 1271 1991 1305 cum
2016 1271 2132 1318 vox,
2147 1256 2324 1317 gloria,
2363 1269 2396 1302 a
2417 1254 2563 1302 Flor.
2586 1251 2737 1314 absit,

1667 1340 1823 1396 atque
1846 1332 1910 1381 ab
1935 1332 2048 1381 aliis
2086 1332 2370 1392 veteribus,
2413 1336 2472 1378 ut
2512 1334 2749 1377 testatur.

1665 1410 1963 1471 Rhenanus,
1998 1426 2095 1475 ego
2121 1417 2177 1459 ut
2201 1409 2496 1460 addititiam
2521 1413 2576 1456 et
2600 1405 2734 1454 adul·

1664 1487 1882 1535 tet-inam
1908 1488 2100 1551 rejeci:
2137 1503 2196 1537 ac
2222 1486 2444 1547 restitui,
2467 1499 2584 1548 quos
2611 1483 2733 1532 mili-

1666 1563 1793 1612 tibus
1828 1565 2120 1628 legionariis,
2148 1569 2230 1629 ⁸5⁶·
2270 1566 2365 1614 hoc
2393 1556 2576 1612 sensu:
2613 1563 2734 1626 Vip-

1668 1642 1841 1691 sanius
1868 1643 2062 1691 viribns
2085 1658 2145 1692 ac
2182 1643 2418 1693 laborum
2444 1641 2736 1702 tolerantia,

1669 1736 1820 1784 pares
1861 1723 1977 1772 illos
2030 1723 2342 1784 reddiderat,
2392 1721 2734 1786 aequabatque

1670 1798 1966 1861 legionariis
1988 1800 2255 1849 militibus.
2311 1800 2473 1847 Forte
2496 1799 2549 1847 in
2569 1810 2736 1845 exem-

1670 1876 1852 1938 plarib.
1878 1877 2106 1941 antiquis
2130 1877 2381 1940 scriptum
2420 1872 2619 1935 fuerat,
2655 1873 2736 1922 nti·

1670 1951 1793 2001 licib.
1837 1966 1980 2001 more
2024 1951 2325 2017 frequenti3
2359 1951 2501 2000 unde
2545 1948 2738 1999 librarii

1670 2041 1831 2077 error.
1867 2029 2095 2078 Pichena.
2182 2028 2327 2078 Libri
2374 2028 2576 2092 priores
2614 2039 2736 2075 voce

1671 2107 1961 2155 auctiores:
2021 2121 2132 2169 quos
2169 2105 2360 2154 militia
2389 2105 2577 2165 glorio:
2629 2118 2738 2167 quae

1673 2182 1794 2230 mihi
1838 2196 1932 2244 pro
1968 2196 2096 2230 vera
2134 2181 2355 2231 lectione
2411 2186 2515 2243 est,
2565 2182 2664 2229 διε.
2709 2177 2737 2207 '⁵

1673 2259 2036 2325 Freinshemius.

1740 2336 1940 2398 Raptim
1983 2334 2165 2397 ductos]
2235 2333 2314 2382 An
2359 2332 2479 2383 ideo
2523 2332 2741 2382 miratur

1675 2412 1889 2475 aequari,
1918 2412 2037 2476 quia
2059 2412 2247 2474 raptim
2271 2421 2326 2460 et
2349 2410 2601 2460 celeriter
2623 2410 2743 2459 duc-

1677 2489 1748 2537 ti?
1780 2502 1880 2537 non
1907 2502 1968 2537 eo
2008 2487 2154 2550 facit,
2188 2488 2352 2536 nisisi
2388 2486 2526 2536 forte
2548 2487 2739 2552 absque

1667 2565 1846 2628 justis,
1884 2572 1943 2613 ut
1967 2566 2021 2614 in
2045 2564 2393 2626 festinatione,
2416 2565 2595 2614 armis.
2659 2564 2740 2613 An

1678 2645 1847 2692 verius
1865 2643 2038 2703 scribi,
2061 2643 2239 2706 raptim
2260 2641 2492 2692 dilectos?
2529 2651 2585 2692 et
2607 2644 2741 2708 quod

1676 2723 1953 2770 subitarius
1995 2721 2159 2772 fuerit
2193 2723 2276 2771 hic
2311 2722 2477 2782 miles,
2513 2724 2610 2773 sed
2650 2723 2740 2773 snb

1676 2798 1811 2848 bono
1834 2798 1968 2847 duce
1986 2812 2103 2845 mox
2129 2798 2305 2847 bonus.
2339 2798 2551 2861 Lipsius.

1743 2877 1879 2925 CAP.
1905 2881 1982 2924 19.
2018 2877 2254 2925 Antonius
2278 2879 2405 2927 ultro
2427 2877 2639 2942 insistit]
2663 2878 2742 2927 Ita

1679 2955 1733 3004 in
1758 2955 1860 3005 Ms.
1885 2955 2035 3005 libro.
2071 2955 2287 3004 ffliennn.

1741 3033 1928 3096 Anceps
1957 3033 2112 3094 proelii
2135 3032 2360 3096 fortuna]
2413 3031 2504 3082 Ita
2528 3034 2670 3083 Flor.
2692 3039 2747 3081 et

1679 3109 1768 3157 alii
1791 3117 2014 3171 veteres,
2035 3117 2094 3158 ut
2116 3110 2325 3172 Lipsius
2351 3115 2599 3158 testatur.
2624 3110 2745 3158 Vul-

1679 3201 1762 3248 go,
1786 3186 2118 3246 bellismum,
2153 3187 2401 3236 Pichena.
2450 3187 2750 3235 Discrimen

1679 3277 1779 3312 non
1812 3264 2069 3312 modicum
2107 3264 2245 3312 inter
2283 3263 2479 3312 benum
2521 3271 2580 3313 et
2618 3279 2745 3329 prae-

1681 3340 1837 3390 lium:
1863 3340 1987 3388 illud
2010 3339 2234 3402 πόλεμος,
2255 3340 2395 3390 istud
2415 3338 2572 3402 μάχη.
2611 3340 2746 3390 Ann.

1678 3416 1713 3464 1.
1741 3429 1844 3471 xu.
1881 3418 1896 3444 ‘
1924 3418 1966 3464 si
1990 3431 2089 3464 non
2113 3416 2366 3480 proelium,
2389 3424 2534 3466 certe
2559 3417 2746 3465 bellum
2782 3404 2794 3413 ’

1681 3491 2047 3544 absumsisset!
2128 3493 2474 3543 Nihilominus
2520 3492 2747 3542 adducor

1681 3570 1733 3618 in
1774 3570 1906 3619 hanc
1941 3571 2230 3634 opinionem
2270 3571 2443 3619 bellum
2473 3569 2747 3635 aliquando

1681 3648 1811 3696 sumi
1839 3664 1932 3712 pro
1963 3650 2130 3711 proelio
2165 3650 2271 3696 sive
2297 3662 2492 3711 pugna.
2562 3647 2747 3710 Virgil-

1686 3726 1797 3775 AEn.
1819 3741 1872 3775 x.
1921 3728 2094 3776 ‘Haeo
2136 3735 2188 3775 te
2235 3729 2404 3791 prima
2450 3726 2568 3775 dies
2613 3726 2745 3774 bello

1683 3806 1847 3868 dedit,
1890 3808 2003 3856 haec
2042 3806 2221 3855 eadem
2267 3804 2474 3854 aufert!
2559 3805 2668 3854 Hie
2706 3794 2762 3852 si'

1682 3883 1992 3946 principium
2028 3883 2152 3932 belli
2192 3882 2275 3947 (ut
2310 3896 2392 3930 res
2429 3880 2624 3944 exigit)
2657 3896 2746 3944 pu·

1682 3968 1845 4009 tamus
1870 3975 1900 4007 a
1923 3950 2247 4022 profectione
2271 3958 2558 4018 PallantiS,
2584 3957 2624 4005 is
2645 3971 2744 4005 non

1682 4037 1864 4100 utique
1887 4036 2129 4084 occubuit
2150 4035 2318 4098 primo
2340 4033 2464 4082 belli
2488 4033 2594 4083 die.
2636 4032 2745 4081 Vir-

1683 4113 1771 4176 gil.
1797 4114 1832 4161 l.
1853 4128 1978 4162 vm.
2020 4113 2035 4140 ‘
2061 4112 2112 4162 in
2134 4111 2303 4160 medio
2327 4112 2519 4159 classes
2557 4115 2743 4166 ustas,

1681 4191 1839 4241 Actia
1863 4192 2014 4255 bella,
2038 4191 2268 4240 Cernere
2288 4186 2443 4237 erat.'
2511 4187 2586 4236 At
2613 4183 2748 4249 apud

1682 4269 1895 4318 Actium
1919 4282 2094 4332 pugna
2126 4267 2215 4315 illa
2244 4264 2460 4330 navalis„
2484 4280 2590 4331 qua
2618 4263 2740 4313 frac-

1684 4352 1754 4396 tae
1778 4346 1916 4397 vires
1935 4343 2169 4397 Antonii.
2199 4342 2417 4393 διῆκαν..
