3009 4942
847 412 1193 474 mmm.
1243 424 1409 474 cAr.
1444 406 1558 474 49.
1605 410 2047 474 sumu-mu.

297 568 403 619 lum
419 562 684 619 ‘auditum'
709 568 989 637 Rhenanus.
1062 568 1363 632 Conspicitu-

294 644 383 706 ἀὴρ
403 656 523 695 cum
546 648 755 695 Mureto
778 661 876 694 non
896 652 1090 694 mntem
1111 646 1365 708 despicien-

293 724 396 772 dus.
463 724 553 772 Sic
588 738 807 787 namque
832 723 865 773 l.
890 735 1006 771 xiv.
1042 727 1056 750 ⁴
1083 724 1370 772 Marcellus*

294 796 481 847 Asinio
505 798 743 849 Pollione
769 813 961 863 proavo
982 801 1170 861 clarus,
1195 814 1361 863 neque

292 888 497 924 morum
519 878 835 940 spernendus
859 876 1185 926 habebatur?
1249 877 1361 925 Aci-

290 954 465 1003 daliae.
502 954 592 1004 Me
619 963 844 1003 moratur
868 955 971 1015 hic,
996 954 1130 1019 qnod
1154 955 1362 1016 nollem,

291 1029 479 1092 quibus
507 1030 635 1079 Mss.
660 1032 810 1094 copia
829 1030 947 1091 fuit,
970 1032 1177 1080 silentio
1198 1039 1359 1080 trans-

288 1105 426 1153 iisse.
521 1106 690 1156 Video
708 1109 841 1156 enim
864 1107 1021 1157 fateri
1057 1109 1358 1157 Rhenanam

287 1193 343 1228 se
366 1178 560 1230 fecisse
580 1183 921 1246 despiciendus,
939 1185 1075 1232 nulla
1097 1185 1359 1233 mentione

281 1264 419 1308 vett.
444 1261 717 1309 librorum.
773 1261 835 1309 In
857 1261 1038 1325 quibus
1056 1263 1097 1310 si
1122 1271 1233 1310 erat
1254 1278 1359 1312 con-

284 1336 573 1398 spiciendus,
628 1336 863 1401 profecto
908 1339 1205 1387 mutandum
1251 1354 1355 1388 non

285 1411 419 1464 fuit:
457 1416 653 1479 quippe
677 1411 812 1479 quod
845 1417 914 1465 sit
945 1417 1176 1480 insignis,
1203 1418 1356 1481 insig-

285 1491 444 1551 nitus,
470 1498 528 1540 et
555 1507 652 1541 non
679 1508 823 1543 secus
858 1500 1011 1558 atque
1034 1494 1146 1543 haec
1170 1501 1277 1543 tam
1301 1496 1354 1544 in

285 1566 602 1618 deteriorem
619 1585 771 1633 quarn
795 1570 846 1618 in
866 1570 1128 1619 meliorem
1150 1579 1353 1634 partem

284 1641 549 1695 flectatur.
616 1647 889 1696 Suetonius
912 1648 1129 1698 Claudio
1163 1663 1277 1712 cap.
1300 1654 1350 1698 4.

283 1723 304 1751 ⁴
323 1738 388 1772 ne
411 1725 542 1789 qnid
567 1725 742 1788 faciat,
766 1725 902 1789 quod
925 1727 1152 1789 conspici
1178 1740 1239 1775 ac
1264 1727 1356 1775 de·

285 1800 440 1850 rideri
464 1802 674 1867 possit!
741 1803 968 1853 Homeio
1000 1804 1356 1868 conspiciendus

284 1876 487 1942 ἐπόψιος.
537 1885 609 1928 Ῑλ.
634 1878 684 1928 Γ.
708 1879 871 1938 λώβην
884 1881 930 1927 τ’
954 1878 1110 1940 ἔμεναι
1143 1879 1221 1929 καὶ
1245 1879 1352 1929 ἐπό-

282 1957 388 2015 ψιον
416 1955 603 2019 ἄλλως.
669 1956 803 2007 Vide
844 1964 1021 2006 nostra
1054 1957 1352 2008 Observata

282 2030 335 2080 in
355 2032 654 2097 Scriptores
694 2034 1087 2084 Ecclesiasticos
1117 2049 1164 2084 c.
1189 2038 1272 2084 19.
1296 2042 1351 2084 et

282 2107 346 2155 ad
371 2109 511 2158 Livii
538 2123 615 2159 ιν.
640 2114 718 2159 13.
790 2111 997 2159 Gronov.

348 2187 469 2236 Cum
486 2189 708 2251 privatus
738 2187 871 2255 olim]
919 2190 1190 2253 Deprecor
1223 2190 1350 2239 invi-

282 2260 443 2314 diam:
483 2266 579 2314 sed
621 2265 853 2329 profecto
892 2268 1028 2317 hunc
1061 2269 1251 2331 locum,
1284 2270 1349 2318 si-

284 2355 428 2405 quem
451 2344 636 2407 alium,
671 2345 909 2408 propitiis
934 2345 1099 2394 Musis
1125 2344 1350 2410 restitui,

279 2420 374 2471 hoc
397 2422 586 2472 modo:
626 2425 746 2472 Cum
778 2425 994 2487 privatus
1030 2424 1141 2472 olim
1162 2440 1349 2474 conver-

280 2498 467 2547 satione
478 2514 749 2548 scurrarum
769 2500 897 2549 iners
912 2500 1061 2550 otium
1080 2501 1347 2553 oblectaret.

284 2573 530 2624 Claudius
569 2585 689 2625 ante
729 2577 1002 2642 imperium
1025 2578 1154 2641 vilis,
1175 2577 1366 2642 abjee--

281 2655 378 2713 tus,
394 2653 584 2702 scurris
602 2660 657 2702 et
674 2653 1032 2703 sordidissimis
1053 2653 1352 2705 hominibus⁴

282 2729 543 2781 convixit:
577 2729 595 2757 ‘
618 2745 647 2778 e
670 2744 882 2795 quorum
905 2730 1245 2780 contubernio
1268 2746 1349 2780 su-

281 2818 374 2868 per
395 2814 629 2856 veterem
651 2807 883 2871 segnitiae
903 2813 1101 2871 notam,
1119 2807 1347 2858 ebrieta-

283 2882 344 2932 tis
363 2894 569 2950 quoque
605 2891 660 2935 et
697 2886 825 2934 aleae
860 2883 1124 2934 infamiam
1150 2885 1344 2949 subiit,’

282 2957 351 3008 ait
373 2962 587 3010 sueton.
620 2976 666 3010 c.
691 2966 739 3011 5.
774 2962 923 3011 Inter
951 2976 1042 3011 eos
1067 2962 1149 3012 hic
1172 2963 1345 3027 Pelig-

281 3046 389 3086 nus.
456 3038 608 3089 Libri
632 3046 853 3102 veteres,
874 3052 1089 3104 quorum
1122 3041 1345 3105 vestigia

282 3111 456 3178 institi,
477 3115 706 3165 habent:
740 3131 843 3165 cum
862 3115 1073 3179 privans
1100 3117 1209 3166 olim
1241 3132 1345 3167 con-

281 3193 566 3242 versationes
585 3189 791 3254 curaret,
829 3194 955 3242 iners
973 3193 1122 3242 otium
1143 3193 1344 3255 objecta-

281 3273 381 3319 ret:
436 3286 569 3321 nnus
614 3272 855 3323 Vatican.
887 3276 1191 3339 eur-sationes,
1224 3289 1342 3340 pro,

280 3352 663 3402 conversationes.
728 3352 951 3416 Lipsius.

344 3426 461 3472 Cum
480 3427 699 3490 privatas
721 3427 832 3476 olim
862 3430 1234 3479 conversationes
1264 3446 1342 3481 cu·

280 3506 433 3560 raret,·
464 3503 593 3553 iners
612 3503 761 3552 otium
781 3504 1057 3568 oblectaret]
1081 3506 1218 3558 Quia
1238 3508 1341 3556 Va-

283 3574 370 3626 tic.
403 3581 707 3642 cui-sationes,
727 3582 902 3642 velim,
938 3585 1182 3634 curatione
1210 3599 1340 3634 scur-

264 3667 449 3706 rarum.
517 3657 602 3707 Sic
625 3659 690 3707 de
714 3658 985 3709 Hadriano
1013 3661 1341 3727 Spartianus,

282 3740 463 3782 oui-risse
482 3735 723 3784 delicatos.
757 3735 1047 3787 Palmerius
1075 3738 1342 3790 Melierus.

283 3804 485 3860 Scilicet
508 3812 774 3876 Claudius,
791 3828 906 3864 cum
945 3816 1169 3865 nondum
1204 3818 1354 3882 prin--

284 3892 418 3948 ceps,
437 3888 667 3953 undique
690 3891 769 3940 sui
792 3892 982 3942 similes
1018 3894 1252 3944 alliceret
1274 3895 1340 3944 ad

284 3961 428 4010 animi
454 3965 826 4017 remissionem.
893 3970 1001 4019 Cur
1032 3977 1204 4020 autem
1227 3973 1339 4022 haee

284 4038 417 4089 senio
439 4038 633 4093 fuerint
653 4045 919 4095 eruditiss.
944 4047 1074 4110 viro,
1096 4063 1196 4112 ego
1218 4048 1353 4113 jux--

283 4121 335 4165 tn
354 4130 467 4167 cum
490 4120 679 4184 ignotis
700 4122 832 4173 scio.
865 4123 941 4173 At
962 4127 1168 4190 quando
1191 4128 1341 4177 Clau·

285 4190 366 4241 dio
388 4195 522 4246 iners
547 4199 747 4249 ocium?
778 4200 822 4249 is
858 4208 1004 4251 certe
1026 4203 1259 4266 privatus
1284 4212 1340 4256 et

284 4270 534 4338 princeps,
553 4275 749 4326 multus
783 4279 838 4326 iu
870 4278 1088 4329 historia
1111 4281 1337 4331 scriben-

284 4344 361 4413 da,
377 4351 508 4416 quod
525 4352 653 4405 licet
673 4354 841 4405 ocium
848 4376 863 4421 3
883 4356 986 4406 non
1003 4363 1179 4408 tamen
1196 4358 1336 4410 iners

2330 402 2509 476 son-

1436 573 1669 619 vocatur.
1703 568 1875 619 Tacit.
1898 570 1952 617 in
1970 568 2181 633 Dialog.
2229 568 2246 597 ‘
2268 567 2324 618 Si
2347 567 2511 618 ruodo

1437 644 1490 693 in
1541 645 1636 695 hac
1686 647 1974 694 studiorum
2030 653 2181 709 parte
2233 645 2511 695 oblectare

1437 721 1605 770 ocium
1630 729 1686 771 et
1707 737 1893 771 nomen
1932 723 2154 772 inserere
2188 729 2403 786 possunt
2424 721 2502 772 fa-

1440 804 1573 848 mae!
1637 799 1824 849 Putem
1850 806 2147 863 respectum
2174 801 2236 848 ad
2263 799 2350 848 illa
2371 804 2511 849 tem-⁶

1436 890 1584 937 pora,
1621 876 1806 940 quibus
1842 876 2086 926 Claudius
2122 875 2320 939 abjecit
2349 882 2509 938 sperni

1436 952 1762 1010 dignitatum.
1792 955 1936 1004 Suet.
1963 970 2009 1003 c.
2034 960 2083 1002 5.
2116 953 2131 981 ‘
2159 960 2268 1002 tum
2291 952 2524 1002 demum'

1436 1029 1643 1092 abjecta
1674 1045 1767 1094 spe
1806 1031 2073 1094 dignitatis
2095 1029 2157 1078 ad
2185 1029 2353 1078 ocium
2374 1024 2501 1079 com'

1435 1109 1608 1170 cessit,
1630 1109 1781 1158 modo
1803 1109 1856 1157 in
1889 1109 2071 1171 hortis,
2088 1113 2144 1157 et
2180 1107 2497 1169 suburbano,

1435 1185 1585 1234 modo
1623 1186 1676 1234 in
1717 1186 2014 1248 Campaniae
2053 1199 2256 1234 secessu
2295 1184 2503 1234 delitesa

1434 1276 1576 1324 cens,
1597 1269 1754 1327 atque
1790 1277 1855 1310 ex
1881 1261 2221 1310 contubernio
2255 1260 2504 1310 sordidis*

1433 1337 1678 1387 simorum
1732 1338 2005 1399 hominum,
2049 1348 2210 1400 super
2262 1340 2499 1388 veterem

1430 1414 1665 1475 segnities
1704 1421 1901 1475 notam,
1938 1413 2228 1474 ebrietatis,
2269 1419 2325 1462 et
2368 1415 2501 1466 ale&

1433 1505 1640 1555 qnoque
1664 1490 1922 1540 infamiam
1962 1491 2155 1541 subiit!
2221 1490 2296 1541 At
2320 1491 2499 1555 Peligs'

1430 1582 1526 1618 nus
1551 1572 1651 1619 iste
1672 1584 1801 1618 unus
1823 1583 2021 1631 eorum,
2042 1569 2129 1633 qui
2168 1582 2386 1632 corpore
2409 1568 2500 1617 de-

1429 1646 1627 1709 formis,
1650 1654 1705 1696 et
1723 1647 1980 1710 inpancis
2014 1646 2064 1695 ei
2096 1661 2268 1707 carus,
2303 1640 2386 1694 cui
2409 1636 2513 1694 vel‘.

1429 1731 1551 1773 ante
1574 1723 1832 1773 ἀποθέωσιν
1855 1736 1975 1773 suus
2001 1723 2262 1772 Vulcanus
2285 1723 2337 1771 in
2362 1722 2502 1772 deli-¹

1429 1802 1539 1852 ciis.
1576 1803 1732 1852 Hom.
1770 1803 1924 1852 Iliad.
1959 1809 2016 1852 Α.
2044 1801 2313 1858 ’Λαβεῶνος
2343 1804 2384 1849 δ’
2414 1799 2494 1864 ἄρ’

1429 1879 1599 1944 ἐνῶρτο
1621 1877 1776 1942 ’γέλως
1789 1878 2051 1943 μακάρεσσι
2083 1881 2271 1938 θεοῖσιν,
2293 1879 2375 1928 ‘os
2394 1878 2507 1928 reon*

1419 1955 1691 2021 Ἥφαιστον
1712 1958 1787 2008 διὰ
1807 1958 1998 2019 δόματα
2018 1956 2332 2008 rotrudam-a:
2369 1957 2404 2006 i.
2423 1958 2498 2006 in-

1411 2035 1593 2098 finitus
1626 2041 1783 2086 autem
1822 2036 2057 2085 excitatus
2087 2039 2158 2084 est
2187 2035 2313 2083 risus
2344 2033 2499 2083 beatis

1425 2112 1558 2174 Diis,
1580 2113 1835 2177 Postquam
1871 2113 2089 2161 viderunt
2119 2111 2374 2161 Vulcanum
2401 2114 2501 2173 μετ’

1423 2190 1584 2238 domos
1602 2190 1966 2239 ntinistrantem.
2004 2186 2198 2237 Eadem
2223 2186 2289 2235 de
2310 2196 2499 2236 caussa*

1424 2263 1665 2315 Vatinius
1697 2265 1908 2328 irrepsit
1943 2265 1997 2313 in
2032 2265 2200 2313 aulam
2235 2253 2501 2314 Neronis?

1423 2352 1562 2392 nam.
1611 2343 1783 2392 Tacit.
1803 2343 1837 2391 l.
1861 2355 1952 2393 ιν.
1986 2342 2002 2370 ‘
2028 2355 2247 2404 corpore
2270 2336 2500 2406 detorto,

1422 2418 1629 2470 facetiis
1675 2420 2012 2471 scurrilibus.’
2089 2421 2237 2470 Serio
2278 2416 2499 2470 tandem?

1423 2497 1819 2561 conjunctiones
1839 2513 1869 2546 a
1885 2500 2059 2547 nostro
2082 2497 2498 2562 supprimuntur,

1425 2574 1562 2639 quod
1616 2589 1874 2639 expressae
1926 2579 2251 2624 venustatem
2308 2562 2497 2638 procui

1422 2658 1798 2702 summoveant.
1821 2652 1965 2702 Suet.
1989 2652 2041 2701 in
2065 2649 2201 2715 Aug.
2224 2651 2241 2680 ⁴
2264 2666 2381 2715 quas
2403 2651 2499 2702 des

1421 2732 1608 2778 tractae
1648 2726 1870 2778 afferunt
1909 2728 2103 2793 aliquid
2141 2728 2493 2793 obscuritatis,³

1420 2807 1520 2856 etsi
1544 2806 1762 2870 gratiam
1782 2806 2012 2870 augent?
2046 2807 2337 2857 Soezinerius.·
2365 2804 2497 2857 Noni

1418 2885 1548 2934 nihil
1566 2886 1732 2935 variat
1754 2886 1896 2936 Flor.
1921 2900 2027 2935 cum
2040 2885 2246 2949 privetis
2265 2885 2403 2935 olim.-
2426 2890 2497 2936 ut*

1417 2961 1576 3014 facile
1598 2969 1851 3028 appareat
1871 2976 2033 3028 nugas
2058 2964 2173 3013 illas
2191 2963 2256 3013 de
2270 2963 2499 3027 privatist

1417 3041 1913 3103 conversationibus,
1930 3042 1985 3090 in
2007 3040 2153 3090 libris
2170 3054 2271 3090 non
2290 3039 2497 3092 haberi}

1419 3118 1636 3182 Optime
1660 3119 1863 3184 Lipsius
1884 3125 1944 3168 et
1968 3124 2122 3168 acute
2144 3118 2397 3168 restituit:
2424 3118 2495 3168 ati

1416 3194 1458 3242 si
1485 3195 1587 3244 nlla
1607 3195 1768 3259 ipsius
1792 3195 2096 3258 conjectura
2130 3194 2297 3258 recipi
2320 3206 2491 3244 mere-

1416 3274 1590 3337 batur,
1612 3275 1725 3324 haee
1749 3282 1895 3324 certe
1920 3275 2182 3338 praecipue
2205 3278 2306 3337 est,
2323 3286 2487 3338 eaque

1414 3349 1592 3400 Taciti
1631 3351 1792 3401 verba
1827 3366 1940 3401 esse
1972 3352 2224 3416 jurarem.
2292 3350 2393 3400 Sed
2426 3349 2497 3399 ti·t

1413 3440 1561 3477 more
1584 3418 2038 3492 scrupulosiorum,
2051 3440 2163 3477 eam
2179 3427 2233 3477 in
2256 3426 2492 3490 margine

1416 3510 1616 3554 tantum
1643 3503 1877 3568 apposui.
1930 3504 2080 3563 Idem
2103 3502 2212 3553 fere
2232 3502 2496 3553 devitel·⁴

1413 3583 1483 3632 lio
1509 3582 1660 3645 dixit,
1684 3582 1825 3632 Hist.
1846 3582 1882 3632 l.
1907 3595 1969 3631 n.
2008 3582 2024 3610 ‘
2045 3580 2497 3645 Aggregabantur'

1414 3675 1444 3710 e
1468 3661 1624 3725 plebe
1644 3659 1905 3724 flagitiosa
1927 3672 2023 3723 per
2045 3658 2292 3724 obsequia
2314 3657 2484 3708 Vitel-

1412 3737 1486 3787 lio
1504 3732 1718 3802 cogniti,
1731 3750 1940 3797 scurroe,
1956 3734 2255 3798 histriones,
2272 3734 2493 3798 atirigae5

1414 3814 1602 3878 quibus
1644 3815 1732 3863 ille
1774 3810 2125 3862 amicitiarum
2175 3810 2489 3861 dehonesta-

1413 3892 1604 3941 mentis
1618 3892 1748 3940 mire
1763 3878 2059 3955 gaudebat!
2073 3887 2303 3937 Picum.
2328 3886 2491 3938 Quod‘

1413 3966 1649 4018 facturus
1667 3973 1783 4017 erat
1802 3967 2053 4029 Pichena,
2067 3967 2119 4015 in
2137 3966 2235 4015 hac
2251 3965 2482 4015 editione

1412 4041 1613 4094 factum
1638 4049 1738 4106 est,
1761 4049 1821 4092 ut
1843 4042 2030 4092 eximia
2052 4042 2166 4092 haec
2188 4041 2498 4092 emendatio*

1413 4121 1581 4184 Lipsii
1623 4121 1677 4169 in
1721 4120 1926 4170 textum
1964 4120 2313 4184 reciperetur:
2362 4120 2494 4170 cu‘m'

1411 4198 1553 4248 idem
1580 4198 1806 4247 omnium
1827 4197 2097 4247 doctorum
2129 4196 2388 4261 judicium
2410 4196 2497 4246 de'

1411 4288 1473 4324 eu
1490 4274 1606 4325 fore
1628 4276 1922 4340 videbatur,
1939 4276 2076 4341 quod
2101 4272 2347 4326 Pichenae
2364 4264 2498 4340 'suits

1410 4354 1579 4421 quiea
1593 4353 1761 4405 Taciti
1783 4353 1943 4407 verba
1959 4368 2069 4406 esse
2079 4354 2303 4419 juraret.
2327 4348 2495 4408 Quo&
