3009 4942
845 443 994 495 ms.
1041 440 1090 491 ι.
1137 436 1300 492 ose.
1345 425 1452 492 12.
1497 438 2050 495 ms‘romsnuu.
2100 416 2113 423 “

331 583 611 652 potuisset,
632 587 726 637 sibi
742 588 789 637 et
804 580 924 651 reip.
945 602 1229 651 supremam.
1277 586 1401 637 Non

331 676 465 729 ergo
503 666 658 716 audio
692 665 1078 717 adolescentem
1120 663 1400 726 eruditum,

332 743 424 806 qui
447 757 545 807 per
565 743 768 793 litteras
807 757 891 792 me
918 742 1119 792 monuit
1141 741 1305 790 videri
1326 740 1398 790 le·

331 818 582 883 ¹gendum,
640 821 758 883 reip.
793 834 942 884 prope
980 818 1218 882 primum.-
1278 817 1399 882 quia

329 902 537 946 tautum
557 911 658 945 non
684 904 853 960 vetus,
886 897 1070 961 inquit,
1104 910 1240 960 resp.
1263 900 1319 944 et
1341 895 1399 943 li·

305 949 546 1023 Ἷιεηιιε
531 988 795 1038 incoepere
819 988 850 1023 a
869 972 1056 1023 Galba.
1093 971 1219 1034 Logi
1243 970 1396 1034 alogi.

328 1048 538 1112 Lipsius.

391 1130 530 1179 Car.
557 1134 640 1179 12.
685 1130 852 1197 Rupta
871 1128 1155 1179 sacramenti
1186 1141 1397 1177 reveren·

325 1204 424 1269 tia]
495 1206 583 1256 Ita
603 1207 706 1256 mei
740 1207 877 1266 libri,
911 1211 967 1255 et
997 1204 1257 1256 sententia
1288 1204 1395 1253 exi-

325 1281 421 1345 git.
492 1283 791 1348 Rhenanus,
826 1285 948 1334 dum
974 1282 1226 1332 Budensis
1250 1282 1394 1332 codi-

321 1358 403 1407 cis
428 1366 722 1425 corruptam
745 1361 1054 1424 scripturam
1095 1366 1154 1410 ut
1190 1356 1396 1420 τεμένων

323 1428 425 1497 ἱερὰ
445 1435 703 1502 observat,
740 1436 928 1486 nodum
969 1437 1022 1486 iu
1058 1436 1229 1500 scirpo
1254 1451 1390 1502 quae·

322 1510 412 1560 rit.
447 1504 656 1577 Lipsius.

389 1588 558 1652 Rapta
575 1590 857 1640 sacramenti
887 1589 1176 1653 reverentia]
1234 1589 1393 1640 Liber

318 1663 539 1714 Corvini
560 1666 697 1730 regis
723 1667 903 1730 habet,
932 1666 1143 1728 licentia,
1180 1672 1239 1715 ut
1274 1680 1392 1716 rear

320 1740 590 1804 scripsisse
606 1744 864 1808 Tacitum,
883 1743 1016 1808 rupti
1030 1744 1314 1792 sacramenti
1334 1744 1389 1792 li-

317 1817 496 1867 eentia.
534 1819 827 1870 Rhenanus.

385 1894 519 1945 Dein
559 1896 694 1956 fessa
714 1896 824 1957 jam
858 1901 1005 1947 aetate
1024 1897 1217 1962 Galboe]
1281 1898 1388 1948 Bu·

313 1962 483 2020 dense
505 1972 744 2022 volumen
766 1973 917 2024 aliter
941 1974 1023 2023 hic
1045 1974 1224 2038 habet,
1246 1990 1385 2025 nem·

317 2056 388 2111 pe
405 2048 498 2111 sic,
529 2048 713 2110 defessa
731 2065 796 2099 an
808 2055 953 2100 aetate
978 2051 1164 2101 Galboe.
1224 2053 1385 2117 Lego,

313 2125 498 2184 defessa
519 2141 631 2176 ann.
650 2127 771 2194 (hoc
791 2133 875 2178 est
896 2128 1063 2194 annis)
1099 2134 1243 2179 oetate
1266 2131 1385 2179 Gal-

311 2200 406 2252 boe.
476 2202 649 2253 Movit
673 2218 810 2265 eum,
842 2204 931 2268 qui
968 2204 1142 2254 locum
1164 2206 1384 2269 castiga-

313 2278 412 2340 vit,
439 2279 665 2344 quisquis
703 2279 826 2343 fuit,
866 2286 926 2331 ut
968 2281 1244 2344 scriberet,
1256 2282 1385 2347 dein,

314 2356 456 2421 quod
501 2357 758 2421 praecedit
797 2357 1115 2421 adverbium,
1159 2359 1385 2422 primunt.

314 2433 598 2485 Enimvero
615 2448 717 2485 non
740 2442 825 2485 est
848 2450 1079 2499 necesse,
1119 2441 1177 2485 ut
1200 2450 1384 2501 sequa-

311 2518 402 2562 tur
423 2514 591 2563 deinde
613 2520 705 2564 aut
735 2513 902 2564 simile
928 2516 1229 2580 quippiam·
1263 2530 1383 2567 nam

310 2603 582 2653 possumus
615 2590 909 2653 intelligere
932 2593 1155 2658 primum
1178 2609 1207 2643 e
1225 2594 1384 2644 licen·

309 2666 388 2716 tia
406 2681 468 2717 ae
491 2668 704 2719 libidine
737 2670 897 2734 vulgi,
922 2685 1184 2720 sermones
1209 2672 1381 2735 jacta·

312 2737 396 2794 tos
417 2741 577 2796 fuisse
597 2745 804 2796 defessa
826 2747 972 2797 anuis
989 2754 1151 2798 aetate
1166 2749 1376 2800 Galbae.

309 2835 468 2886 quum
493 2830 677 2888 postea
720 2824 991 2888 adoptatio
1029 2824 1142 2890 ipsa
1165 2834 1382 2889 praesta-

308 2902 393 2948 ret
414 2898 586 2950 eidem
610 2902 831 2950 sermoni
868 2900 1116 2965 agitando
1151 2904 1383 2953 occasio·

308 2984 452 3024 nem.
486 2976 761 3026 Rhenanus.
814 2972 927 3042 E'go
949 2980 1104 3042 malo,
1125 2981 1234 3030 dein
1245 2979 1383 3041 fessa

307 3052 451 3100 annis
471 3058 632 3102 oetate.
665 3054 993 3104 Vertranins.

376 3129 533 3178 Multi
548 3131 726 3179 occulta
746 3130 849 3195 spe]
891 3130 1037 3181 Libri
1055 3133 1157 3181 mei
1181 3134 1382 3198 scripti,

307 3207 457 3256 stulta
476 3222 558 3271 spe
567 3223 589 3266 ‚·
619 3209 697 3258 nti
715 3217 771 3259 et
794 3210 846 3258 in
872 3210 1221 3262 Covarruviae.
1259 3212 1380 3261 Pla-

307 3291 404 3334 cet
423 3289 595 3334 tamen
616 3285 781 3350 magis
805 3287 1034 3350 vulgata.
1068 3286 1204 3351 Lips.

311 3398 314 3403 .
373 3363 527 3412 Multi
547 3366 725 3413 occulta
745 3364 849 3427 spe]
896 3364 1219 3414 Vocabulum
1240 3364 1381 3416 malti

304 3451 413 3487 non
436 3439 591 3489 estin
611 3441 868 3490 volumine
887 3440 1149 3492 Budensi:
1174 3442 1264 3492 sed
1286 3459 1379 3507 pro

305 3515 490 3565 occulta
513 3517 721 3567 estillic
748 3518 877 3566 calta
907 3533 990 3581 spe
1001 3533 1021 3577 ,·
1054 3524 1110 3567 et
1143 3523 1251 3568 stat
1286 3534 1379 3583 op-

305 3591 435 3641 time
469 3606 677 3642 sensus:
731 3593 924 3645 Paucis
969 3594 1232 3658 judicium
1287 3602 1380 3646 aut

305 3668 464 3733 Reip.
478 3683 623 3719 amor
646 3671 809 3720 stulta
826 3685 938 3735 spe,
957 3677 1114 3736 prout
1125 3672 1240 3738 quis
1260 3674 1382 3722 ami-

302 3762 398 3798 cus
424 3748 508 3797 vel
528 3748 692 3798 cliens
722 3750 860 3799 hunc
876 3751 1117 3800 velillum
1140 3751 1379 3802 ambitio·

301 3827 383 3875 nis
408 3828 699 3877 rumoribus
723 3827 1075 3878 destinabant.
1101 3828 1375 3879 Rhenanus.

303 3903 654 3967 Florentinus,
680 3904 850 3953 militis
862 3907 1044 3955 occulta
1063 3920 1177 3969 φρ
1216 3904 1378 3968 forte,

305 3979 471 4028 maltis
513 3982 693 4029 occulta
734 3996 839 4045 spes
854 3999 871 4032 .-
927 3982 1203 4047 praecessit
1238 3984 1377 4034 enim

300 4057 486 4120 paucis.
521 4057 771 4106 Pichena.

365 4132 662 4185 Ambitionis
680 4136 970 4199 rumoribus]
1035 4138 1233 4187 Verum
1271 4153 1375 4188 non

300 4211 602 4274 negaveris,
623 4211 901 4262 ambitiosis.
938 4214 1083 4278 Lips.

347 4288 521 4338 “Hanc
541 4290 617 4337 vel
645 4288 779 4337 illum
815 4291 1077 4340 arabitiosis
1108 4292 1378 4342 rumoribus

301 4362 631 4430 summ]
674 4364 764 4416 Ita
785 4366 1019 4418 Faernus
1042 4368 1377 4436 emendabat,

2364 418 2547 496 4133

1478 602 1582 636 non
1622 587 1909 651 ambitionis,
1951 595 2013 639 nt
2055 595 2172 639 erat
2212 588 2267 638 in
2298 589 2542 655 vulgatis.

1482 665 1700 715 Ursinus.
1765 666 1906 715 Vere
1932 667 2075 730 Lips.
2095 665 2375 716 ambitiosis.
2420 667 2539 716 Nec

1474 756 1576 805 ego
1614 756 1737 792 sane
1783 743 1997 805 probem
2020 743 2237 792 alteram
2261 742 2541 792 lectionem

1471 820 1620 868 stulta
1664 833 1745 885 spe
1791 833 1901 882 pree
1956 819 2184 883 vulgata.
2275 819 2541 869 Caeterum

1473 893 1700 943 nondum
1721 893 1807 943 bic
1843 895 2013 944 omnia
2043 903 2213 945 tamen
2233 910 2373 945 sana.
2440 896 2543 946 Vo-

1474 972 1595 1020 cula
1634 971 1804 1031 deest,
1861 986 1976 1036 quae
2028 972 2237 1023 diversa
2293 972 2540 1022 orationis

1471 1047 1708 1098 membra
1763 1047 2064 1112 distinguat.
2152 1049 2339 1115 Neque
2400 1050 2540 1099 enim

1471 1121 1631 1172 iidem
1650 1124 1859 1174 occulta
1882 1139 1976 1189 spe
2001 1124 2198 1188 pariter
2219 1132 2274 1175 et
2298 1124 2540 1175 ambitio-

1471 1201 1544 1250 sis
1568 1202 1856 1253 rumoribus
1877 1203 2014 1251 hunc
2036 1204 2119 1252 vel
2144 1204 2289 1252 illum
2312 1201 2540 1251 destina·

1469 1278 1616 1331 bant.
1679 1278 1787 1329 Sed
1810 1278 1893 1328 alii
1918 1278 2124 1329 occulta
2162 1294 2273 1342 spe,
2310 1278 2396 1328 alii
2431 1291 2538 1327 am·

1467 1355 1672 1406 bitiosis
1695 1355 2019 1407 rumoribus:
2057 1370 2185 1422 quos
2223 1356 2446 1407 invicem
2470 1355 2537 1405 si·

1466 1432 1523 1482 bi
1543 1433 1753 1482 Tacitus
1776 1432 2010 1497 opponit.
2078 1434 2207 1496 Leg.
2237 1432 2446 1496 primam
2480 1433 2540 1482 li-

1466 1510 1624 1559 centia
1660 1524 1716 1558 ac
1752 1508 1949 1558 libidine
1984 1508 2105 1559 talia
2142 1509 2376 1571 loquendi,
2424 1509 2535 1558 dein

1454 1588 1704 1652 fessajam
1727 1595 1869 1640 oetate
1893 1588 2083 1650 Galboe,
2105 1589 2251 1637 etiam
2279 1588 2334 1636 in
2365 1587 2425 1636 T.
2456 1585 2539 1636 Vi-

1464 1669 1538 1717 nii
1580 1669 1738 1719 odiam
1787 1667 1900 1735 (vel
1942 1665 2087 1715 etiam
2131 1665 2188 1714 Τ.
2235 1663 2372 1713 Vinii
2410 1662 2536 1727 odio,

1466 1744 1601 1810 quod
1639 1742 1838 1808 malim)
1872 1743 2024 1807 quiin
2059 1741 2159 1790 dies
2179 1743 2353 1803 quanto
2368 1744 2537 1802 poten·

1462 1822 1577 1885 tior,
1599 1824 1758 1871 eodem
1774 1824 1917 1870 aucta
1939 1818 2141 1868 invisior
2169 1821 2293 1866 erat.
2358 1815 2539 1864 Paucis

1448 1897 1702 2040 judiciam,
1721 1901 1805 1945 aut
1828 1895 1969 1959 Reip.
1992 1908 2155 1942 amor:
2186 1892 2324 1941 multi
2355 1892 2537 1942 occat&

1562 1976 1829 2041 5qaidam
1873 1978 2016 2038 preat
2058 1971 2167 2037 quis
2207 1973 2401 2035 amiens,
2461 1968 2537 2022 vel

1460 2052 1626 2114 eliens,
1658 2050 1780 2101 hune
1800 2052 1876 2099 vel
1897 2050 2032 2098 ittam
2051 2049 2313 2098 ambitiosis
2331 2049 2536 2098 rumori-

1461 2129 1547 2178 bus
1568 2127 1900 2178 destinabant:
1937 2127 2107 2189 quippe
2130 2125 2355 2175 hiantes
2335 2140 2387 2174 tn
2401 2136 2535 2188 mag·-

1459 2222 1523 2256 na
1560 2206 1766 2263 fortuna
1802 2205 2058 2254 amicorum
2097 2205 2385 2266 cupiditates
2426 2207 2533 2269 ipsa

1463 2283 1635 2334 Galboe
1655 2282 1877 2344 facilitas
1936 2279 2226 2341 intendebat,
2289 2283 2371 2345 &c-
2408 2276 2532 2330 Aei-

1461 2362 1645 2412 dalius.
1714 2361 1906 2425 Inepte
1929 2364 2099 2422 antea,
2113 2357 2404 2410 ambitionis.
2438 2359 2532 2409 Pi-

1462 2439 1646 2490 chena.

1527 2516 1593 2565 In
1618 2515 1674 2564 Τ.
1716 2512 1851 2565 Vinii
1870 2514 2029 2565 odium
2048 2511 2370 2576 diverterant]
2430 2511 2532 2561 Pa-

1460 2608 1576 2645 rum
1612 2593 1878 2643 cohaerens
1914 2593 2073 2642 lectio
2112 2598 2203 2642 aut
2248 2592 2530 2641 sententia.

1459 2670 1504 2721 Α
1532 2672 1716 2735 priscis
1740 2671 1888 2721 libris
1912 2670 2061 2719 abest
2093 2683 2195 2718 vox
2214 2669 2528 2717 diverterant.

1458 2750 1531 2799 Et
1548 2750 1726 2799 tollam
1745 2761 1867 2797 sane
1882 2762 1984 2812 ego
1994 2746 2209 2809 arbiter,
2222 2746 2493 2809 legamque
2510 2756 2527 2794 ε

1456 2827 1579 2875 hanc
1599 2828 1669 2875 vel
1707 2826 1843 2875 illam
1861 2824 2127 2874 ambitiosis
2156 2821 2418 2871 rumoribus
2449 2821 2529 2871 de·

1455 2904 1714 2967 stinabant,
1736 2902 1883 2952 etiam
1914 2901 1966 2950 in
1992 2900 2047 2949 Τ.
2078 2899 2212 2950 Vinii
2233 2898 2414 2948 odiam:
2445 2895 2529 2961 qui

1456 2981 1627 3045 indies,
1645 2984 1726 3044 &a
1763 2978 1943 3041 Multi,
1965 2975 2155 3043 inquit,
2175 2980 2528 3025 successorem

1457 3058 1794 3109 destinabant
1831 3070 1898 3106 ex
1934 3072 2026 3106 sua
2063 3066 2175 3119 spe,
2215 3054 2423 3120 quidam
2460 3062 2528 3101 ex

1455 3135 1574 3185 odio
1608 3134 1766 3187 Vinii.
1851 3134 1971 3184 Non
1996 3133 2241 3183 dissimile
2262 3131 2391 3182 inud
2423 3130 2528 3179 Ta-

1456 3212 1547 3262 citi
1570 3213 1637 3261 de
1659 3212 1885 3260 Pisone:
1918 3208 2171 3261 ‘Juvenis
2212 3206 2415 3258 recenti
2449 3206 2527 3257 fa·

1456 3303 1579 3338 vore
1603 3304 1617 3350 ;
1647 3294 1702 3336 et
1723 3284 1954 3336 infensus
1973 3286 2037 3334 Τ.
2062 3284 2218 3334 Vinio
2240 3301 2254 3336 z
2291 3297 2383 3334 seu
2407 3282 2528 3347 quia

1456 3372 1590 3428 erat,
1647 3379 1740 3415 seu
1785 3364 1907 3427 quia
1944 3361 2065 3411 irati
2110 3363 2188 3410 ita
2243 3360 2528 3410 volebant?

1456 3441 1610 3493 Quod
1634 3441 1678 3489 si
1702 3436 2032 3490 retinendum
2070 3443 2245 3487 tamen
2281 3435 2336 3485 id
2375 3429 2526 3484 verbi

1453 3518 1544 3579 sit,
1567 3522 1761 3566 mutem
1784 3521 1842 3565 et
1873 3513 2131 3575 diducam,
2174 3513 2336 3565 Etiam
2370 3512 2426 3561 in
2465 3511 2525 3562 Τ.

1462 3593 1600 3646 Vinii
1623 3594 1781 3642 odiam
1803 3592 1983 3641 diversi
2003 3591 2178 3640 ierant.
2214 3591 2357 3654 Lips.
2428 3636 2431 3641 .

1520 3670 1689 3719 Etiam
1708 3669 1762 3717 in
1784 3669 1839 3718 Τ.
1873 3667 2007 3717 Vinii
2026 3668 2186 3718 odiam
2204 3664 2525 3731 diverterant]

1455 3745 1779 3796 Particulam
1800 3744 1945 3794 etiam
1966 3744 2234 3793 divisimus
2255 3743 2307 3791 in
2330 3748 2379 3792 et
2387 3742 2524 3803 jam.-

1456 3824 1634 3888 placet
1668 3837 1793 3872 vero
1832 3821 2066 3884 verbum,
2106 3819 2244 3884 quod
2288 3818 2342 3867 in
2380 3819 2526 3868 volu*-

1454 3902 1595 3951 mine
1621 3899 1854 3950 Budensi
1893 3897 2143 3960 scriptum
2181 3899 2282 3956 est,
2316 3892 2523 3944 diverte-

1455 3983 1585 4042 rant,
1606 3976 1741 4042 quod
1760 3982 1823 4027 et
1832 3974 1957 4024 alias
1979 3973 2033 4022 in
2050 3973 2196 4035 regio
2211 3971 2393 4021 codice
2413 3972 2527 4036 ple*

1453 4067 1673 4118 rumque
1695 4050 1942 4113 occurrit,
1962 4048 2053 4098 ubi
2073 4063 2167 4097 nos
2188 4048 2425 4097 divertere
2446 4048 2521 4098 le*

1455 4134 1643 4196 gimus.
1700 4131 1973 4180 Rbmanas.
2056 4127 2245 4190 Inepte
2291 4132 2436 4189 ante,
2471 4131 2523 4177 et

1440 4211 1551 4272 jam
1573 4211 1625 4260 in
1651 4209 1707 4258 Τ.
1742 4206 1876 4257 Vinii
1897 4206 2054 4255 odiam
2073 4204 2383 4254 diverterant.
2419 4204 2522 4252 Po-

1452 4297 1702 4337 stremum
1741 4284 1956 4335 verbum
1994 4281 2237 4348 quoniam
2294 4297 2325 4331 a
2378 4281 2522 4331 Flor.

1453 4364 1622 4429 abest,
1666 4362 1838 4415 delevi
1882 4369 2126 4428 tanquam
2167 4358 2521 4425 subditicium,
