3009 4942
516 529 727 576 secutus
782 530 863 575 est
916 524 1197 588 castigator
1246 523 1397 588 liujus
1448 522 1572 573 loci.

516 597 670 656 Quod
691 604 734 653 si
754 605 866 668 quis
888 609 1053 653 totum
1078 612 1280 667 tempus
1302 601 1574 677 respiciat,

516 695 620 747 quo
673 682 828 730 semel
873 689 1031 746 atque
1079 681 1267 729 iterum
1313 677 1573 741 congressi

515 765 654 821 sunt,
674 759 960 822 praesertim
976 773 1130 822 quum
1145 755 1430 821 praecedat,
1448 756 1575 804 Dein

507 837 676 900 paucis
716 836 881 885 diebus
923 834 1207 895 interjectis.-
1261 849 1363 883 non
1400 833 1576 883 absur-

514 908 580 964 da
624 915 780 963 lectio
814 915 913 962 erit
933 918 1168 976 postremo
1189 911 1282 973 die,
1307 926 1457 976 quam
1481 924 1574 959 nos

407 998 412 1003 ’
511 990 742 1041 Budensi
773 991 939 1040 codici
980 990 1246 1050 debemus,
1276 988 1359 1037 cui
1382 993 1576 1037 caetera

510 1060 677 1115 ferme
700 1067 887 1116 omnia.
939 1066 1207 1115 maanus.
1278 1063 1441 1127 Lipsii
1465 1077 1576 1113 cor·

506 1143 791 1192 rectionem
846 1143 984 1193 Flor.
1025 1141 1317 1192 confirmat.
1380 1140 1574 1204 Vulgo,

502 1224 739 1285 postremo
758 1219 852 1269 die.
893 1220 1131 1268 Picheua.

531 1295 542 1302 ’
577 1296 713 1346 CA».
743 1299 824 1344 31.
868 1297 1136 1360 Tanta-sque
1157 1294 1202 1342 ei
1226 1295 1406 1357 Romae,
1426 1308 1573 1357 quun-

507 1374 587 1423 tits
612 1373 906 1435 Consulibus,
929 1374 1074 1422 honor
1111 1372 1253 1435 esset]
1288 1370 1481 1420 Addidi
1513 1371 1575 1420 is·

514 1449 628 1514 tud,
647 1452 708 1515 ei,
733 1464 798 1500 ex
816 1452 1130 1501 Florentino.
1166 1449 1393 1499 Pii-leena.

465 1528 469 1533 ⁴
529 1526 539 1535 '
568 1529 680 1577 Nou
694 1533 797 1578 erat
814 1528 983 1577 notitia
1005 1527 1177 1592 nostri]
1211 1527 1350 1575 Flor.
1374 1525 1568 1575 habet:

507 1619 601 1653 non
630 1604 801 1653 inerat.
869 1604 1095 1652 Pichena.

573 1679 717 1742 Apud
746 1694 860 1742 quos
881 1679 967 1739 jus
999 1675 1191 1743 imperii
1227 1680 1370 1742 valet,
1406 1678 1574 1728 inania

487 1755 918 1819 ‘tran-enuntiatur]
954 1756 1165 1806 Leviter
1199 1756 1399 1818 dubito,
1431 1770 1573 1819 num,

506 1833 581 1881 eis
617 1831 824 1895 imperii,
856 1832 1131 1894 legendum
1163 1832 1251 1882 sit.
1325 1832 1410 1883 Vis
1432 1832 1571 1881 enim

507 1910 673 1974 magis
712 1911 920 1975 proprie
956 1911 1234 1975 opponitur
1270 1909 1354 1973 ad,
1389 1910 1572 1973 munio,

506 2000 660 2051 quam
689 1987 812 2052 jus;
859 1987 1003 2054 quasi
1040 1988 1218 2037 dicat:
1269 1988 1354 2037 Illi
1397 1988 1571 2038 inania

507 2063 857 2126 sectabantur,
897 2079 987 2114 nos
1034 2078 1207 2113 rerum
1262 2064 1567 2114 substantias

504 2139 800 2191 insistimus.
824 2142 937 2193 Lib.
959 2156 1018 2193 ιι.
1041 2145 1056 2171 ‘
1076 2141 1352 2191 favorabili
1378 2142 1429 2190 iu
1451 2158 1568 2207 spe-

505 2217 639 2268 eiem
680 2220 929 2282 oratione,
972 2220 1077 2269 vim
1117 2219 1322 2283 imperii
1365 2218 1568 2271 tenuit?

505 2294 624 2346 Lib.
647 2310 732 2347 111.
765 2298 782 2325 ‘
802 2298 908 2348 Sed
927 2297 1159 2346 Tiberius
1185 2298 1286 2347 vim
1310 2298 1569 2362 principa-

503 2379 589 2422 tus
613 2373 709 2423 sibi
734 2368 960 2438 firmans,
992 2376 1264 2439 imaginem
1296 2375 1567 2441 antiquita·

503 2448 570 2500 tis
589 2451 804 2502 Senatui
827 2451 1133 2516 praebebat.’
1188 2451 1303 2502 Lib.
1327 2465 1419 2501 xv.
1444 2451 1461 2479 ‘
1480 2449 1568 2501 Ad

501 2526 606 2576 vim
620 2527 985 2578 dominationis
1003 2528 1314 2579 conversus.'
1335 2529 1567 2579 Pichma.

568 2604 701 2654 CAP.
737 2609 818 2655 32.
855 2606 1085 2669 Equilum
1109 2606 1250 2654 Rom.
1285 2607 1408 2655 locos
1440 2605 1566 2655 sedi-

501 2677 590 2729 bus
615 2681 766 2743 plebis
803 2681 1093 2746 anteposuit]
1146 2681 1473 2747 Scripsimus‚
1491 2696 1564 2731 se-

500 2755 673 2805 dilibus
688 2752 851 2820 'plebi-s.
919 2756 1210 2809 Rhenanus.

531 2854 536 2859 ·
565 2833 646 2883 Ad
664 2849 765 2882 eam
786 2834 912 2883 diem
930 2834 1177 2884 indiscreti
1201 2833 1357 2898 ibant]
1389 2834 1564 2900 Rep'o-

501 2910 600 3003 tui,
621 2911 865 2960 indiscreti
884 2910 1087 2960 inibunt.
1155 2911 1449 2961 Rhenanus.

527 2989 687 3037 Pari
707 2990 1059 3056 magnificentia
1090 3005 1147 3039 ασ
1177 2989 1359 3053 priori]
1393 2990 1562 3041 Casti-

497 3066 746 3130 guvimuS,
765 3069 873 3131 puri
895 3067 1278 3133 magnificentiu5
1309 3084 1363 3119 ac
1377 3071 1558 3163 priora.

500 3143 794 3195 Rhenanus.

562 3219 656 3271 Sed
680 3219 970 3281 feminarum
993 3220 1250 3271 illustrium
1271 3212 1560 3271 seudtorum-

495 3312 585 3364 que
619 3302 782 3364 plures
820 3316 908 3365 per
945 3316 1135 3350 arenam
1166 3301 1367 3365 foedati]
1416 3301 1557 3354 Quid

496 3374 696 3428 faciunt
726 3376 928 3437 seminoe
970 3378 1197 3428 illustres
1256 3378 1308 3427 in
1361 3379 1561 3428 arena?

493 3450 666 3503 Deest
708 3453 790 3503 hic
832 3453 1091 3517 genitivus
1122 3453 1361 3518 filiorum,
1405 3466 1558 3517 quem

492 3531 826 3581 inseruimus:
863 3532 958 3581 Sed
975 3531 1268 3591 seminarum
1301 3533 1560 3583 illustrium

493 3613 841 3672 senatorumque
846 3609 1069 3674 filiorum
1088 3611 1249 3672 plures
1268 3625 1351 3673 per
1369 3625 1559 3659 arenam

483 3682 674 3745 mati.
715 3685 1007 3735 Rhenanus.
1074 3684 1387 3751 Propugnat
1424 3687 1557 3736 hanc

492 3762 771 3813 lectionem
817 3778 919 3813 non
970 3762 1080 3813 sine
1126 3762 1309 3826 grandi
1367 3763 1557 3826 probro

494 3852 645 3889 sexus
666 3838 912 3906 sequioris
931 3840 1125 3890 ordinis
1144 3840 1305 3889 nostri
1328 3839 1556 3891 Lucifer.
1621 3839 1749 3904 jeci,
1768 3840 1864 3890 hac
1887 3841 2151 3890 sententia
2168 3856 2198 3889 :-
2217 3837 2564 3903 praeminebat
2586 3852 2700 3903 grs-
2782 3856 2789 3865 ·

491 3915 713 3967 Interim
748 3916 870 3966 mihi
912 3917 1043 3980 eripi
1083 3926 1186 3966 non
1229 3923 1421 3982 potest,
1444 3919 1557 3969 loco

479 3993 788 4060 feminarum,
807 3994 1215 4046 substituendum
1239 3993 1561 4061 familiariori,

490 4066 657 4131 literis
674 4085 776 4121 nou
800 4072 1007 4122 nimium
1046 4072 1304 4122 diversum
1342 4072 1408 4122 ab
1428 4075 1556 4123 alte-

491 4159 580 4195 ro:
636 4147 1125 4213 intelligendumque
1167 4147 1232 4198 de
1276 4149 1554 4213 Equitibus,

490 4218 675 4286 tutibus
707 4223 974 4312 proprium
1012 4224 1158 4288 quasi
1188 4238 1471 4289 cognomen
1493 4227 1553 4277 il·

491 4297 726 4365 lesem,
746 4310 910 4366 eoque
931 4314 948 4349 ι
952 4313 1047 4366 pso
1067 4299 1331 4366 insignivit
1344 4298 1555 4368 Tacitus

1221 378 1439 429 1101·AE
1482 379 1818 431 VAluolw
1831 381 1883 429 Μ
1930 380 2012 430 ΙΙ

1648 523 1783 573 haud
1808 524 1967 573 semel
1985 540 2001 587 ς
2034 530 2095 574 ut
2113 523 2287 576 videre
2302 525 2428 578 lieet
2447 524 2501 575 in
2524 522 2717 579 indice.

1650 600 1992 663 Feminarum,
2026 603 2177 652 nullae
2214 602 2331 653 heic
2373 610 2565 667 partes,
2603 603 2716 652 nul·

1649 678 1753 726 lum
1770 679 1871 742 jus.
1939 678 2041 728 Ubi
2064 679 2202 729 enim
2239 694 2393 743 supra
2431 680 2628 729 mentio
2653 680 2719 729 de

1650 751 1890 804 feminis?
1923 769 2192 821 nusquam.
2258 757 2328 805 Et
2361 761 2536 804 tamen
2560 756 2721 820 respi-

1651 845 1773 880 cere
1816 831 1995 882 istbaec
2040 832 2105 881 ad
2146 847 2223 893 ea,
2258 847 2372 897 quae
2410 830 2558 880 sacta
2592 837 2718 881 sunt

1653 921 1786 957 anno
1809 910 2008 973 priore;
2044 917 2227 972 aperte
2252 916 2404 972 urget
2428 907 2555 956 illud
2577 907 2719 972 quod

1651 987 1955 1050 praecessit3
1986 989 2003 1016 ‘
2029 988 2342 1051 Spectacula
2366 985 2719 1049 gladiatorum

1648 1061 1785 1113 idem
1805 1079 1965 1114 annus
1980 1063 2173 1125 habuit,
2190 1063 2304 1128 pari
2328 1061 2720 1127 magnificentia

1651 1155 1712 1189 ac
1733 1141 1943 1205 priorass
1987 1140 2061 1192 At
2084 1155 2331 1190 annorum
2355 1140 2587 1203 priorum
2611 1153 2719 1188 me-

1649 1219 1843 1281 moriis,
1865 1221 2006 1269 nulla
2037 1219 2232 1269 mentio
2262 1217 2561 1266 mulierum:
2597 1229 2723 1265 con-

1649 1288 1827 1350 tentus
1867 1300 2041 1349 dicere
2083 1306 2266 1348 auctor
2303 1297 2439 1347 Anna
2478 1308 2601 1344 xiv·
2637 1298 2716 1347 14.

1650 1377 1666 1405 ‘
1692 1377 1859 1426 Notos
1883 1390 2086 1442 quoque
2121 1376 2323 1442 equites
2349 1375 2499 1424 Rom.
2524 1386 2714 1435 operas

1646 1468 1818 1503 arenae
1863 1453 2167 1517 promittere
2206 1451 2414 1515 subegit
2449 1450 2600 1499 donis
2640 1449 2714 1498 in·

1648 1529 1937 1594 gentibus:'
1970 1529 2058 1579 ubi
2081 1530 2288 1579 minime
2328 1528 2380 1577 id
2416 1534 2601 1577 tacere
2625 1526 2715 1575 de·

1650 1605 1822 1670 bebat,
1857 1606 1900 1656 si
1937 1606 2119 1657 eodem
2145 1604 2367 1655 redactae
2406 1602 2638 1667 feminae,
2660 1608 2714 1652 et

1646 1683 1853 1750 quidem
1870 1673 2122 1734 illustres.
2189 1684 2258 1733 Et
2281 1690 2338 1733 ut
2355 1683 2465 1747 ipse
2490 1683 2589 1731 hoe
2612 1680 2714 1731 for-

1646 1777 1738 1811 san
1777 1762 2106 1827 neglexisset,
2145 1775 2239 1810 eur
2276 1769 2381 1812 tam
2425 1773 2620 1809 novum
2658 1765 2713 1808 et

1647 1839 1896 1889 hactenus
1939 1855 2039 1888 non
2095 1839 2257 1888 visum
2298 1836 2577 1902 flagitium,
2620 1850 2709 1886 seu

1645 1916 1892 1981 principis
1913 1926 2003 1965 seu
2038 1921 2399 1980 matronarum,
2430 1929 2535 1966 non
2560 1927 2711 1963 anuo-

1645 2000 1809 2043 tatum
1832 1993 1956 2043 alibi
1979 1993 2246 2055 Suetonio,
2258 2007 2372 2043 non
2405 1991 2587 2054 Dioni,
2607 2005 2708 2040 non

1644 2069 1881 2135 Zonarae,
1901 2084 2003 2119 uon
2026 2069 2114 2118 uni
2151 2068 2303 2119 alicui
2338 2068 2423 2119 vel
2453 2074 2609 2117 extra
2631 2080 2710 2116 or·

1643 2145 1836 2197 dinem.
1895 2146 2096 2196 Gruter.

1708 2223 1841 2275 CAP.
1864 2226 1946 2273 88.
1982 2225 2094 2274 Non
2124 2229 2280 2274 tamen
2303 2224 2470 2273 Rom
2503 2223 2710 2287 incipere

1641 2299 1821 2362 oms]
1841 2301 2058 2365 vulgati
2081 2303 2356 2365 auctiores,
2384 2302 2598 2366 incipere
2617 2294 2708 2350 sce-

1642 2389 1728 2425 nas
1745 2391 1899 2428 ausus.
1967 2378 2079 2427 Nos
2101 2391 2214 2427 eam
2254 2392 2434 2427 vocem
2470 2378 2707 2427 Flet-ent.

1641 2452 1940 2515 autoritate,
1963 2468 2024 2503 ac
2060 2453 2220 2518 Lipsii
2246 2452 2464 2518 judicio,
2500 2453 2707 2503 sustuli·

1642 2543 1769 2579 mus.
1837 2529 2062 2579 Pii-liena.
2194 2590 2199 2597 Ι
2494 2532 2501 2537 “

1713 2605 1782 2653 Ut
1815 2609 2139 2667 transgressus
2171 2606 2322 2656 scenis
2358 2606 2411 2654 in
2446 2606 2706 2671 Achaion]

1640 2680 1825 2744 Scenis,
1847 2682 1899 2731 id
1922 2689 2023 2747 est,
2049 2697 2145 2747 per
2167 2698 2361 2734 scenas.
2428 2684 2705 2734 Humanum

1705 2760 1830 2821 ἑξὶιιε
1859 2761 1933 2809 rei
1954 2760 2096 2819 suma
2131 2761 2335 2826 cit-erat]
2378 2761 2707 2827 Scripsimus‚

1637 2835 1885 2888 accii-erut.
1951 2836 2248 2888 Rhenanus.

1702 2913 1835 2964 CAP.
1871 2917 1949 2963 34.
2005 2914 2099 2963 Ubi
2134 2915 2475 2977 gladiatorium
2515 2912 2702 2977 munus]

1636 2990 1725 3041 Ita
1763 2992 1904 3043 Flor.
1935 2993 2127 3057 Vulgo,
2160 2994 2487 3055 gladiatorum
2518 3007 2703 3043 munus.

1636 3070 1723 3120 Sic
1746 3070 1778 3122 l.
1803 3084 1905 3121 xu.
1947 3071 1963 3098 ‘
1988 3070 2285 3134 gladiatorii
2321 3069 2547 3119 muneris
2571 3084 2706 3133 mag·

1635 3145 1938 3201 nificentia.'
1973 3140 2116 3196 ‘Lib.
2162 3160 2280 3198 xlv.

1637 3223 1981 3288 spectaculo!
2048 3224 2277 3275 Pichenu.

1662 3328 1667 3333 ·
1703 3301 1868 3350 Primo
1879 3301 1933 3350 iu
1943 3301 2244 3351 contumelias
2255 3299 2548 3365 assumptus]
2567 3300 2701 3351 Mur.

1633 3376 1761 3427 inter
1783 3396 1799 3428 .-
1821 3377 2021 3427 dubito.
2091 3378 2354 3429 Acidalia-s.

1699 3454 1867 3504 Elium
1879 3454 1990 3504 aliis
2000 3457 2320 3520 naemineret]
2340 3454 2701 3520 Reposuimus‚

1631 3532 1781 3581 etium
1810 3533 1950 3582 malis
1968 3533 2294 3598 premineret.-
2327 3533 2473 3598 quasi
2497 3532 2700 3584 diceret

1631 3609 1853 3673 primum
1895 3610 2099 3661 facetiis
2149 3610 2463 3673 scurrilibus,
2509 3610 2698 3661 deinde

1630 3684 1843 3750 flagitiis
1917 3688 2305 3752 sceleribusque
2378 3687 2696 3750 praeminuit.

1631 3763 1901 3815 Rhenanus.
1965 3765 2078 3828 Ego
2107 3764 2263 3827 nangis
2282 3763 2559 3826 legendum
2583 3776 2698 3814 con·

2334 3148 2350 3174 ‘
2391 3146 2703 3211 gladiatorio

1633 3916 1726 3979 tia,
1763 3916 2106 3995 praeminebat
2144 3918 2415 3981 potentia3
2447 3925 2504 3966 at
2535 3915 2693 3980 magis

1630 3995 1683 4043 vi
1731 3996 1953 4045 nocendi
1995 3995 2356 4060 praeminebat.
2442 3992 2692 4058 Apuleius

1628 4072 1737 4122 mil.
1761 4085 1840 4122 vl.
1873 4073 1890 4101 ⁴
1915 4070 2280 4137 praeminentes
2318 4070 2529 4121 silices.’
2588 4069 2692 4120 Pri-

1629 4163 1832 4277 coengt’.
1869 4229 1952 4276 85.
2003 4225 2139 4276 Jussi
2169 4226 2222 4276 id
2256 4230 2552 4277 «camora
2579 4224 2688 4288 offl-

1626 4302 1757 4369 cure]
1803 4302 2100 4356 Pronemen
2130 4304 2187 4355 id
2215 4318 2320 4356 non
2355 4310 2442 4356 est
2474 4304 2531 4355 in
2560 4303 2685 4355 libro
