3009 4942
857 358 1213 445 maxim.
1263 364 2069 443 cAP.46.ANNA'1.1UM.

349 538 491 591 male
507 540 665 591 etiam
686 543 861 605 vulgo.
894 506 1121 603 invidere.
1169 538 1419 605 Pichena.

349 616 609 680 *Apuleio
629 620 749 670 alibi
769 627 825 669 et
851 619 1120 681 Petronio,
1138 619 1259 667 item
1280 601 1420 666 Mar-

350 693 540 745 tialix.
565 700 645 746 12.
698 696 1040 777 ‘Livebitque
1086 695 1189 745 tuis
1226 692 1427 758 pallida

349 772 528 820 turba-
513 772 716 836 -genis:
703 772 734 800 ·’
768 764 1038 823 videantur
1059 772 1253 822 ibidem
1276 762 1426 822 notae'

346 855 567 898 nostrae.
636 850 897 899 Gruterus.

416 925 588 975 Ilium
602 908 765 976 domus
803 927 902 988 <ins
944 928 1205 976 adulterum
1234 925 1414 990 fuisse]

344 996 538 1052 Suilin's
564 1005 849 1068 exprobrat
870 1004 1103 1067 Senecae,
1134 1006 1271 1069 quod
1294 1018 1411 1054 cum

345 1058 644 1151 Agrippina
668 1082 966 1131 Germanici
991 1074 1113 1146 filia,
1142 1086 1440 1148 matreque*

345 1156 592 1231 NeroniS,
635 1173 743 1208 rem
781 1157 1060 1209 habuerit:
1102 1174 1202 1223 qua
1248 1159 1313 1209 de
1353 1175 1410 1210 re

344 1224 560 1304 {andem
606 1237 826 1288 Seneca
843 1252 963 1288 reus
999 1236 1169 1287 factus
1207 1245 1309 1300 est,
1337 1237 1412 1287 ait

344 1309 646 1383 Xiphilinns
668 1312 723 1362 in
746 1315 975 1365 Nerone.
1050 1313 1344 1364 Vertranias.

414 1388 544 1438 olim
572 1390 785 1470 partam]
836 1392 916 1440 Ex
936 1391 1047 1440 aliis
1073 1390 1213 1440 libris
1232 1391 1417 1454 liceat,

329 1454 426 1514 diu
447 1471 655 1528 partam.
722 1467 945 1531 Lipsius,

412 1531 570 1587 Quam
590 1538 793 1581 veterem
816 1548 871 1582 ac
891 1533 1006 1581 olim
1035 1535 1224 1595 partam
1241 1530 1408 1593 dig-na-

341 1606 537 1670 tionem]
573 1607 712 1660 Quid
732 1608 774 1657 si
796 1609 975 1673 legas?
1031 1609 1185 1664 Quam
1206 1606 1422 1656 veterem

341 1685 458 1732 adeo
475 1689 670 1747 partam
699 1685 1027 1747 dignationem
1059 1684 1229 1737 sabitae
1244 1683 1416 1755 felici-

337 1750 433 1809 {Ati
452 1761 747 1813 submittere.
809 1763 1104 1812 Rhenanus.
1174 1762 1406 1812 Faernus

339 1836 580 1910 legebat:
616 1843 758 1902 atque
779 1839 1211 1904 ozimpartam,'.25«c
1254 1839 1407 1889 etita

340 1926 422 1995 est
447 1915 501 1963 in
525 1914 591 1965 V.
610 1912 692 1966 C.
745 1905 961 1975 Ursinus.
1001 1954 1020 1969 -.

402 1972 660 2040 Felicitati
682 1991 978 2056 submittere]
1009 1993 1168 2058 Lege,
1211 1993 1407 2043 submit·

337 2076 478 2125 teret.
546 2072 769 2136 Lipsius.

403 2149 544 2200 Car».
569 2153 652 2200 43.
685 2152 788 2200 Aut
820 2143 979 2213 versa]
1010 2149 1113 2200 Hae
1150 2149 1266 2200 duoe
1299 2146 1420 2201 dic·

334 2218 504 2275 tiones
543 2241 645 2276 non
686 2236 805 2275 sunt
849 2226 902 2275 in
936 2227 1117 2277 codice
1153 2226 1404 2290 Budensi,

335 2301 423 2365 q‘ui
463 2302 541 2350 sic
580 2301 766 2352 habet:
805 2301 908 2352 Nec
947 2304 1141 2352 deuant
1182 2303 1263 2367 qai
1303 2303 1405 2353 hoec

331 2377 503 2428 iisdem
523 2379 678 2429 verbis
716 2379 768 2429 in
800 2379 1007 2429 deterius
1039 2379 1231 2429 Senecae
1251 2379 1404 2439 defer-

333 2460 456 2521 rent.
525 2456 643 2506 Nec
665 2462 779 2508 erat
800 2470 930 2520 opus
968 2462 1201 2505 veterem
1224 2455 1404 2507 lectio-

334 2544 450 2581 nem
474 2531 561 2581 hic
585 2531 918 2596 interpolare.
986 2533 1257 2583 Rhenanus.

398 2610 760 2673 Inquisitioaem
781 2623 987 2660 annnam
1011 2609 1401 2674 impetraverant]

334 2686 581 2752 Vulgatis
659 2686 984 2736 emendatior
1054 2687 1401 2739 Florentinus.

329 2764 438 2825 Ilii,
453 2766 830 2827 impetraverat,-
861 2770 919 2813 nt
938 2764 1001 2813 ad
1022 2778 1161 2813 reum
1186 2765 1399 2816 Suilium

332 2841 632 2891 referatur:
683 2848 737 2892 at
772 2842 873 2903 bic,
915 2841 1398 2905 impetraverant„de

329 2919 723 2970 accusatoribus
757 2920 928 2968 verius
945 2919 1243 2983 intelligens
1267 2936 1279 2969 z
1309 2919 1397 2984 qui

329 2996 533 3047 idoneis
570 2997 787 3046 testibus
825 2996 994 3045 adbuc
1016 3011 1119 3046 non
1137 2996 1399 3060 instructi,

324 3073 741 3161 impetraverunt
757 3086 976 3122 annuam
996 3071 1399 3136 inquisitionem,

328 3156 389 3199 ut
409 3149 462 3198 iu
489 3146 669 3199 Asiam
693 3149 983 3199 mitterent.
1029 3148 1132 3198 Sed
1157 3149 1399 3214 qnoniam

328 3226 559 3292 prolatio
603 3227 756 3276 nimis
790 3227 947 3290 longa
993 3225 1269 3276 videbatur
1312 3219 1406 3290 iis,

326 3304 416 3369 qui
437 3302 657 3353 Suiiium
694 3310 999 3367 pervertere
1017 3301 1192 3365 statim
1223 3304 1397 3368 cupie-

326 3379 478 3445 bant,
512 3387 786 3431 suaserunt
822 3379 1229 3444 accusatoribus,
1261 3388 1322 3432 ut
1364 3397 1397 3433 a

326 3456 633 3508 suburbanis
705 3454 1006 3508 criminibus
1083 3457 1396 3523 inciperent,

326 3544 545 3598 quorum
590 3534 731 3585 obvii
755 3541 918 3584 testes
912 3512 1200 3585 ‘Asiatica
1221 3533 1393 3589 differ·

324 3618 464 3661 rent.
532 3610 838 3662 confirmari
859 3611 1067 3661 videtur
1104 3612 1187 3662 bic
1213 3627 1416 3663 sensus·

321 3685 462 3737 infra
476 3688 661 3738 eodem
677 3688 769 3738 lib.
803 3688 819 3715 ‘
831 3688 1096 3738 Silvanum
1114 3704 1302 3754 magna
1320 3692 1393 3742 vis

320 3771 686 3815 accusatorum
740 3765 1179 3828 circumsteterat,
1212 3781 1393 3830 posce-

321 3842 524 3917 batque
577 3849 784 3907 tempus
837 3843 1244 3894 evocandorum
1293 3852 1394 3895 tes-

323 3914 474 3982 tium,
495 3934 614 3970 reus
650 3920 790 3971 illico
810 3918 1025 3972 defendi
1057 3921 1391 3987 postulabat!

323 3995 556 4046 Picltena.

391 4074 641 4124 Neminem
656 4075 809 4125 aliam
830 4073 1050 4139 electam]
1081 4076 1393 4128 Flor.de1ec·

323 4157 446 4204 tum.
473 4162 480 4169 '
512 4154 765 4205 Pichena.

387 4229 528 4281 Cu·-
563 4235 647 4281 44.
685 4231 916 4282 Octavius
949 4237 1116 4282 contra
1136 4235 1269 4284 modo
1288 4242 1406 4286 com*

321 4306 481 4377 qam]
513 4307 579 4358 Iu
612 4307 797 4359 codice
813 4308 1048 4361 Budensi
1070 4317 1272 4362 tantum
1294 4312 1402 4377 est,

2384 350 2560 439 4039

1500 514 1729 599 bctavias
1767 540 1934 586 contra
1955 532 2192 599 conqueri.
2259 506 2557 582 Rhenanus.

1559 614 1782 664 Libidine
1834 609 2062 678 seposita]
2130 610 2312 659 Malim
2367 604 2555 675 libidini

1492 674 1713 755 seposita.
1778 690 2072 740 Rhenanus.
2138 678 2302 752 Le30,
2346 687 2556 737 libidini.

1490 765 1778 817 Acidalius.
1846 766 1959 816 Imo
1982 764 2172 815 libidini
2191 765 2410 829 seposita.
2449 761 2553 827 Ag

1490 854 1674 895 nosces
1695 841 1863 894 Taciti
1905 842 2186 892 lectionem
2210 842 2367 891 tritus
2401 841 2453 890 in
2489 854 2555 890 eo

1489 923 1678 973 lector.
1749 921 1970 989 Grotius,

1554 999 1765 1062 Iniuriae
1786 995 2087 1060 ulmineae]
2130 995 2364 1058 Mallem,
2401 995 2554 1044 ultum

1486 1076 1595 1126 isse.
1662 1076 1887 1140 Lipsius.
1980 1124 1987 1129 .

1499 1148 1991 1213 commoveratque]
2032 1146 2221 1198 Assuit
2268 1146 2555 1213 qnisquam,

1485 1244 1593 1292 que,
1635 1228 1963 1299 particulam.
2043 1227 2217 1279 Quum
2259 1225 2312 1274 in
2367 1223 2551 1275 codice

1417 1302 1424 1313 '
1483 1304 1715 1354 Budensi
1752 1302 1956 1368 legatur
1978 1308 2201 1365 tantum,
2239 1305 2551 1352 commoverat

1482 1384 1718 1446 quosdam.
1778 1380 2098 1449 Rhenanus„

1515 1459 1643 1521 Lege
1664 1458 1886 1508 Cornelia
1905 1454 1963 1506 'de
1984 1450 2172 1515 sicariis
2191 1453 2546 1516 condemnatur]

1480 1536 1677 1600 Scripti
1699 1535 1893 1585 codicis
1915 1534 2069 1583 lectio
2090 1549 2105 1593 ;
2144 1533 2274 1594 Lege
2288 1533 2346 1580 de
2363 1530 2552 1580 sicariis

1481 1614 1836 1661 condemnatur.
1904 1601 2166 1671 Ar'bi'tror,
2183 1608 2416 1658 additam
2439 1606 2548 1656 dic-

1483 1689 1675 1739 tionem
1714 1703 1743 1736 e
1767 1687 1995 1750 margine
2035 1691 2300 1748 receptam
2336 1685 2388 1732 in
2427 1698 2548 1733 con·
2628 1746 2635 1751 ὓ

1482 1768 1707 1843 textum,
1731 1765 1850 1814 alibi
1874 1771 2047 1814 tamen
2069 1762 2237 1812 addit.
2269 1761 2546 1812 Rhenanm.

1522 1830 1684 1894 cip,
1717 1846 1798 1893 45.
1834 1842 2123 1903 Magnorum
2142 1834 2285 1903 Reip'.
2319 1838 2548 1889 malorum

1479 1921 1674 1971 initium
1692 1921 1873 1986 fecit]
1893 1920 2108 1984 Scripsi,
2147 1931 2443 1980 magnorum,
2479 1929 2548 1964 ex

1483 1999 1623 2050 Flor.
1643 2000 1835 2062 Vulgo,
1852 2012 2096 2067 marorum
2163 1994 2414 2045 Pichena.

1499 2077 1615 2126 Τ.
1629 2076 1756 2126 Ollio
1781 2073 1977 2140 patre]
2001 2074 2046 2122 Ε
2069 2068 2281 2121 Farn'es.
2338 2068 2546 2149 Lipsius

1480 2152 1548 2202 ad
1569 2153 1856 2216 marginem
1876 2150 2079 2200 notavit
2100 2149 2248 2198 Ellio.
2298 2147 2543 2196 Muretus

1476 2235 1755 2280 notaverat
1776 2243 1868 2278 suo
1891 2229 1944 2277 in
1965 2226 2100 2276 libro
2122 2224 2353 2274 T.AE11·0.
2387 2220 2546 2275 Acid.

1548 2305 1750 2355 Mulieri
1805 2309 1974 2354 cuncta
2026 2303 2124 2351 alia
2164 2299 2333 2362 suere]
2384 2299 2544 2348 Forte

1476 2382 1678 2447 affuere.
1744 2381 1912 2430 Paulo
1950 2386 2068 2444 post
2106 2376 2422 2441 scripsimnS,
2458 2390 2545 2439 po·

1473 2459 1681 2510 tentiam
1700 2459 1746 2509 ei
1776 2458 2018 2520 adiiceret.
2082 2455 2378 2505 Rhenanus.

1479 2570 1484 2575 -
1544 2541 1648 2590 Nec
1668 2539 1934 2590 absurdam
1970 2534 2231 2598 ingenium,
2268 2532 2545 2599 modestiam

1473 2615 1825 2682 proefmellta
1839 2613 2012 2678 aptius
2033 2608 2381 2660 distinximus.
2406 2607 2542 2658 Con·

1466 2693 1697 2758 junctim
1721 2699 1894 2754 antea,
1917 2705 2000 2739 nec
2021 2688 2274 2737 absurdam
2297 2684 2543 2746 ingenium

1474 2770 1751 2820 modestiam
1778 2762 2543 2833 p'iafferre.Picheua.1nter-

1475 2861 1670 2936 punge,
1726 2846 1893 2896 Sermo
1954 2842 2113 2904 comis,
2153 2857 2237 2890 nec
2291 2839 2544 2890 absurdum

1470 2923 1748 2985 ingeniam5
1778 2921 2055 2970 modestiam
2091 2917 2337 2983 praaferre,
2367 2921 2415 2967 et
2450 2918 2542 2967 las-

1472 2999 1598 3050 civia
1614 3000 1705 3049 ati.
1771 2996 2057 3047 Acidalius.

1539 3077 1757 3141 Satiaret
1798 3072 2062 3145 aspectum]
2126 3073 2293 3135 Malo,
2332 3018 2552 3135 aspecta.-

1474 3136 1757 3223 Acidalius.
1802 3154 2151 3217 Hieronymus
2196 3151 2261 3200 ad
2317 3151 2542 3200 Marcel-

1471 3234 1613 3285 lam:
1647 3231 1905 3295 ‘Quando
1929 3231 1983 3279 in
2022 3229 2232 3294 publico
2254 3229 2404 3294 quasi
2444 3242 2541 3292 per

1474 3300 1859 3370 fferecundiam,
1890 3306 2064 3371 operit
2101 3304 2311 3367 faciem,
2335 3305 2542 3368 lupana-

1470 3389 1604 3438 rium
1644 3393 1757 3437 arte
1807 3385 1860 3435 id
1909 3384 2074 3434 solum
2115 3380 2366 3444 ostendit,
2400 3382 2541 3447 quod

1471 3471 1733 3514 ostensum
1755 3460 1919 3553 magis
1942 3461 2151 3524 placere
2173 3457 2387 3522 potest’
2439 3456 2540 3509 An·

1468 3539 1787 3666 megi-1246.
1827 3613 1955 3662 Otho
1987 3614 2087 3662 sive
2118 3626 2276 3662 amore
2304 3614 2542 3674 incautius,

1467 3694 1661 3743 laudare
1689 3691 1904 3750 somnam
1934 3689 2312 3752 elegantiamque
2353 3687 2541 3752 axoris,

1466 3773 1565 3822 sive
1573 3778 1626 3823 ut
1632 3773 1931 3839 accenderet,
1946 3773 2027 3833 ξε.
2028 3770 2052 3834 ]
2068 3772 2275 3819 Luxata
2289 3767 2539 3818 orationis

1466 3849 1702 3899 membra
1735 3850 1889 3913 plane
1905 3847 2082 3908 credo,
2119 3852 2176 3896 et
2200 3846 2289 3896 sic
2328 3843 2539 3894 restitu-

1468 3928 1603 3977 enda
1616 3925 1960 3996 trajectione.
1999 3924 2143 3987 Otho,
2168 3923 2228 3971 si
2215 3937 2268 3971 e
2288 3934 2448 3970 amore
2465 3919 2541 3968 in·

1438 3996 1747 4053 ‘caatmsive
1768 4006 1825 4051 at
1854 4001 2144 4063 accenderet,
2163 4014 2219 4047 ac
2240 4014 2280 4048 s.
2305 4013 2346 4047 e.
2359 3994 2412 4056 f·
2430 4010 2482 4058 p.
2500 3994 2539 4044 i.

1465 4096 1513 4144 q.
1532 4096 1644 4144 v--p
1665 4094 1708 4129 e.
1729 4078 1975 4140 adiiceret,
2005 4073 2336 4133 laudares-e.
2367 4070 2534 4122 uxoris

1465 4158 1593 4222 apud
1619 4155 1897 4220 principem
1966 4151 2254 4215 Acidalius.

1532 4232 1612 4282 Ibi
1644 4247 1903 4282 concessam
1940 4231 2168 4279 dictitans
2210 4223 2532 4287 nobilitatem]

1465 4310 1724 4361 volumen
1746 4307 1987 4359 Matthiae
2010 4305 2250 4358 Corvini·
2235 4340 2250 4367 ‚
2292 4302 2389 4354 Ubi
2418 4314 2528 4351 con-
