3009 4942
481 537 652 601 dabit,
672 537 792 603 quia
823 536 953 589 sciat
974 551 1320 589 successorem
1344 536 1544 587 facinus

481 613 772 665 omnimode
807 614 1203 664 vindicaturum.
1272 614 1390 664 Hoc
1410 613 1545 663 libro

483 707 533 743 c.
572 696 656 741 40.
704 692 840 757 ‘quo
876 692 1043 741 minus
1083 690 1317 741 facerent
1361 692 1545 751 scelus,

481 770 629 835 cujus
677 771 817 820 ultor
868 775 949 819 est
998 769 1226 834 quisquis
1269 765 1549 817 successit!

483 846 683 898 Allusit
713 847 777 896 ad
800 848 932 896 hunc
956 861 1148 896 morem
1186 846 1377 895 Darius
1400 846 1551 895 mori-

482 923 708 974 bundus.
743 924 934 974 Justin.
958 923 992 973 l.
1026 937 1089 973 11.
1123 924 1419 973 ‘Ultionem
1443 938 1549 972 sce·

481 1003 610 1052 leris
650 1002 796 1067 [erga
826 1016 882 1052 se
902 1003 1214 1068 perpetrati]
1245 1016 1343 1051 non
1384 1002 1550 1052 solum

485 1094 597 1141 sua,
623 1079 715 1129 sed
755 1080 980 1144 exempli
1003 1081 1334 1146 ‘omniumque
1372 1095 1552 1144 regum

483 1171 661 1218 causa,
679 1172 781 1206 non
800 1157 1066 1224 negligere
1081 1160 1156 1209 illi
1177 1175 1292 1212 cum
1309 1158 1554 1211 decorum

488 1241 601 1286 tum
638 1236 766 1286 utile
789 1237 1059 1288 futurum!
1125 1239 1407 1292 Salius-ius.
1453 1241 1555 1290 Lo-

488 1325 602 1373 cuS,
625 1312 664 1360 si
688 1314 975 1378 quisquam,
999 1321 1111 1367 toto
1139 1316 1291 1378 libro,
1314 1332 1467 1367 sanus
1499 1324 1557 1369 et

488 1387 710 1453 integer.
797 1390 883 1439 Sic
943 1392 1080 1441 enim
1149 1392 1273 1442 alibi
1328 1393 1556 1444 locutum

491 1466 691 1516 ostendi
729 1466 882 1518 iufra.
948 1469 1025 1520 At
1044 1472 1301 1522 sententia
1323 1472 1557 1523 auctoris

489 1541 594 1591 ista
633 1548 752 1605 est;
787 1544 985 1595 duabus
1026 1547 1092 1596 de
1114 1549 1310 1599 caussis
1330 1550 1384 1600 id
1404 1549 1561 1600 homi·

492 1633 615 1669 num
642 1635 803 1683 genus
825 1636 855 1673 e
895 1625 1065 1675 medio
1093 1627 1207 1676 tolli
1244 1641 1276 1677 a
1312 1629 1559 1694 principi-

491 1693 608 1757 bus,
651 1711 755 1746 una
797 1704 858 1747 ut
890 1699 945 1748 in
991 1715 1222 1763 praesens
1267 1704 1561 1771 securiores

496 1778 691 1835 agant5
723 1774 908 1837 altera,
943 1783 1004 1827 ut
1039 1778 1089 1826 in
1133 1766 1421 1846 posterum,
1461 1783 1562 1833 hoc

499 1853 598 1910 est,
613 1847 665 1897 in
711 1847 943 1901 futurum
967 1854 1333 1908 vindicentur.
1382 1867 1562 1912 notum

501 1923 639 1973 enim
665 1926 792 1976 illud
830 1928 896 1979 P.
934 1930 1071 1994 Syri.
1138 1935 1153 1961 ‘
1176 1933 1450 1987 Inimicum
1487 1938 1565 1988 ul-

498 1998 627 2051 cisci
691 2003 849 2055 vitam
903 2009 1142 2083 accipere
1186 2020 1270 2064 est
1312 2016 1565 2068 alteram!

497 2079 653 2131 Unde
677 2087 731 2131 et
767 2084 903 2134 Aun.
927 2100 1051 2138 xm.
1095 2093 1178 2142 32.
1211 2092 1467 2143 ‘Factum
1512 2100 1568 2144 et

500 2157 694 2209 SCtum
733 2162 916 2213 ultioni
961 2165 1119 2230 juxta
1164 2175 1220 2218 et
1262 2170 1568 2233 securitati3

498 2240 572 2284 ut·
604 2237 649 2286 si
689 2238 803 2303 quis
844 2256 874 2290 a
918 2244 1021 2292 suis
1061 2246 1226 2296 servis
1258 2246 1570 2298 interfectus

502 2320 663 2376 esset,
701 2314 738 2362 ii
759 2331 965 2382 quoque
999 2320 1089 2384 qui
1122 2327 1437 2373 testamento
1472 2325 1570 2375 sub

502 2390 685 2440 eodem
725 2394 1020 2444 manumissi
1053 2396 1149 2445 sub
1194 2398 1375 2449 eodem
1426 2407 1571 2453 tecto

501 2467 830 2537 mansissent,
884 2472 1023 2523 inter
1077 2489 1252 2526 servos
1316 2478 1576 2542 supplicia

503 2545 834 2608 penderent!
915 2551 1048 2602 Quae
1085 2552 1245 2602 verba
1290 2554 1367 2603 ita
1410 2556 1577 2618 expli·

504 2628 591 2673 cat
621 2624 680 2674 C.
706 2625 915 2676 Cassius
937 2625 1073 2678 Αιιιι.
1108 2642 1230 2680 xiv.
1273 2636 1352 2681 44.
1401 2631 1576 2682 ‘Mul-

507 2706 564 2753 ta
585 2702 793 2752 sceleris
815 2703 1016 2769 judicia
1056 2710 1384 2770 praeveniunt
1419 2711 1574 2762 servi.

505 2777 573 2827 Si·
604 2776 850 2843 pro'dant,
885 2797 1153 2846 possumus
1207 2785 1393 2851 singuli
1438 2788 1579 2839 inter

506 2855 707 2919 plures,
739 2858 840 2907 tuti
866 2858 1003 2909 inter
1025 2863 1225 2925 anxios,
1246 2872 1511 2928 postremo
1535 2865 1580 2915 si

507 2935 828 2996 pereundum
867 2942 1086 3001 est,non
1127 2938 1280 2990 inulti
1316 2941 1454 2991 inter
1491 2957 1582 2991 no-

511 3010 693 3059 c‘entes
737 3011 932 3074 agere!
993 3012 1112 3063 Tali
1167 3016 1352 3065 ultioni
1404 3017 1582 3069 allusit

510 3085 696 3137 Florus
718 3104 795 3139 ιν.
818 3104 866 3139 c.
892 3091 1020 3142 ult.‘
1042 3093 1288 3144 Ceterum
1312 3097 1581 3149 Barbarus

509 3162 741 3228 undique
785 3164 973 3216 infesto
1013 3170 1251 3220 exercitu
1289 3187 1585 3238 oppressus,

513 3240 685 3304 gladio
704 3248 758 3292 et
783 3259 932 3309 pyra,
966 3245 1019 3295 iu
1055 3262 1210 3312 quam
1233 3264 1289 3298 se
1312 3251 1583 3314 perculsus

511 3317 744 3386 immisit,
779 3323 1047 3386 superstiti
1081 3324 1361 3376 etiamnum
1385 3327 1586 3378 Caesari

511 3397 804 3469 satisfecit!
835 3399 922 3451 Sic
941 3400 1082 3451 Pliu.
1099 3415 1182 3466 ep.
1207 3415 1297 3452 111.
1316 3407 1396 3453 14.
1430 3403 1585 3468 ‘Ipse

514 3476 694 3537 paucis
718 3476 900 3527 diebus
923 3492 1061 3542 aegre
1101 3476 1442 3542 refocillatus,
1481 3495 1586 3529 non

517 3551 628 3601 sine
664 3553 872 3604 ultionis
902 3556 1087 3606 solatio
1129 3557 1385 3618 decessit3
1419 3557 1494 3608 ita
1516 3559 1589 3607 vi·

518 3641 614 3677 vus
640 3629 948 3696 vindicatus,
966 3639 1024 3682 ut
1042 3635 1198 3684 occisi
1223 3634 1428 3687 solent!
1480 3635 1587 3687 Sed

517 3710 577 3755 et
598 3706 779 3757 istbaec
803 3709 952 3773 hujus
975 3710 1094 3761 loci.
1163 3712 1418 3763 Gruterus.
1474 3714 1587 3764 Fir·

518 3783 683 3832 mavit
742 3785 1130 3837 evidentissime
1185 3789 1463 3840 lectionem
1520 3791 1585 3841 ad

516 3858 734 3917 Sueten.
794 3863 975 3913 Titum
1015 3880 1061 3915 c.
1102 3869 1151 3915 6.
1221 3881 1370 3919 socer
1408 3882 1589 3931 meus;

521 3952 624 4003 quo
648 3939 928 4006 benignum
969 3945 1220 3993 lectorem
1258 3942 1593 3997 remittimus.

521 4015 784 4079 Insignem
821 4028 994 4069 autem
1053 4021 1187 4070 Livii
1240 4021 1410 4070 locum
1442 4036 1592 4072 occa-

524 4094 666 4145 sione
706 4098 854 4162 hujus
878 4098 1039 4161 ipsius
1073 4092 1428 4162 phraseos,'in
1473 4115 1592 4149 con·

524 4173 735 4221 trariam
792 4175 996 4222 omuino
1031 4176 1343 4226 seutentiam
1386 4191 1596 4240 corrup·

526 4246 659 4309 tum,
697 4249 879 4298 eadem
925 4265 1087 4314 opera
1133 4253 1423 4305 restituam.
1508 4253 1594 4304 Sic

527 4324 669 4377 euim
688 4327 776 4375 ille
800 4339 935 4376 xxx.
956 4333 1042 4379 22.
1094 4335 1111 4358 ⁸
1131 4330 1304 4381 Quum
1325 4345 1469 4381 more
1493 4339 1598 4382 tra-

530 4400 642 4454 dito
679 4417 711 4453 a
744 4404 991 4457 Patribus
1029 4405 1600 4472 potestatem'interro-

1178 378 1399 443 Nom
1451 386 1855 441 vsmonmr
1903 388 1985 439 ιιι

1620 547 1794 612 gandi,
1837 548 1880 597 si
1913 536 2026 613 quis
2079 545 2203 612 quid
2258 544 2440 609 venet,
2492 542 2697 609 leguas·

1621 636 1817 691 praetor
1855 624 2101 677 fecisset?
2170 625 2263 674 Ait
2306 624 2497 686 legatis
2514 622 2687 686 poteo-’v

1622 708 1787 752 tatem
1827 699 2065 764 factam·
2086 706 2145 750 ut
2186 707 2363 764 patres
2402 699 2688 762 interroga:

1622 785 1760 842 rent,
1785 779 1922 844 quod
1946 779 2154 829 omnino
2185 775 2394 837 falsum,
2418 788 2518 824 nec
2554 775 2691 824 ratio

1623 872 1733 908 rem
1768 864 1875 907 tam
1913 856 2121 906 surdam
2159 854 2361 916 siverit,
2403 868 2505 903 nec
2546 866 2692 902 mens

1624 933 1848 984 auctoris
1872 934 1988 983 haec
2012 931 2133 995 fuit,
2155 938 2210 981 et
2230 929 2505 997 sequentia
2527 928 2693 978 recla-

1625 1019 1785 1063 mant.
1852 1013 2083 1075 Legam·
2141 1009 2297 1066 Qum
2330 1021 2461 1057 more
2498 1005 2698 1067 trudito,

1632 1090 1859 1140 Patribus
1873 1093 2155 1153 potestatem
2169 1085 2517 1146 interrogandi,
2534 1082 2579 1131 si
2591 1081 2697 1146 quis

1628 1166 1744 1230 quid
1802 1164 2195 1229 vmet,1egatos
2250 1167 2431 1226 prator
2475 1159 2694 1219 fecisset:

1629 1239 2029 1292 Freinshemius.
2096 1239 2218 1289 Non
2253 1235 2462 1286 memini
2499 1249 2583 1284 me
2607 1248 2698 1283 uu-

1631 1332 1802 1383 quam,
1822 1332 1889 1367 ex
1913 1332 2016 1383 quo
2037 1315 2212 1366 Taciti
2228 1328 2345 1364 cum
2367 1311 2548 1362 fructu
2570 1314 2703 1360 trao-

1630 1395 1777 1446 tandi
1793 1394 2035 1445 fiduciam
2056 1393 2232 1455 habui,
2246 1391 2333 1441 hie
2354 1390 2458 1441 loci
2472 1390 2701 1440 haesiue.

1633 1471 1775 1527 Quid
1799 1471 1971 1521 enim?
2006 1484 2177 1519 nonne
2202 1469 2396 1518 clamat
2436 1475 2701 1517 anoton-se

1635 1549 1828 1612 dicere,
1848 1546 2116 1598 Vitellium
2149 1546 2216 1595 de
2250 1543 2366 1594 istis
2381 1539 2703 1607 supplicium

1636 1626 1916 1691 sumpsisse
1936 1642 1952 1687 ;
1982 1640 2086 1674 non
2108 1630 2169 1674 ut
2201 1623 2385 1673 Galbae
2403 1633 2585 1670 manes
2604 1618 2702 1669 be

1636 1706 1870 1757 vindicta
1903 1706 2121 1768 coleret,
2149 1702 2244 1754 sed
2283 1708 2345 1751 ut
2372 1701 2548 1750 solent
2568 1697 2707 1762 prin*-

1639 1783 1785 1849 cipes
1838 1783 2025 1848 punire
2044 1806 2055 1813 w
2091 1795 2269 1833 omnes
2318 1775 2704 1827 interfectores

1640 1861 1955 1926 principum,
2001 1874 2104 1924 quo
2144 1863 2201 1908 et
2242 1854 2343 1919 ipsi
2386 1855 2439 1903 in
2477 1864 2713 1916 praesens

1638 1939 1746 1990 sint
1767 1938 1832 1990 ab
1854 1937 2054 1989 insidiis
2073 1933 2365 2001 hujusmodi
2389 1932 2636 1993 tutiores,
2656 1935 2713 1979 et

1643 2017 1932 2067 successori
1979 2015 2276 2078 exemplum
2313 2008 2626 2069 ulciscendi,
2662 2006 2727 2063 si,

1646 2091 1769 2158 quid
1791 2093 1919 2157 ipsis
1935 2091 2238 2156 contigerit,
2269 2087 2562 2153 praebeant.
2594 2086 2610 2113 ‘
2628 2082 2713 2135 Aa

1644 2184 1899 2234 praesens,
1913 2169 1964 2218 in
1984 2174 2254 2233 posterum
2266 2169 2296 2227 ς’
2321 2165 2396 2215 sic
2416 2162 2562 2214 Hist.
2578 2162 2616 2210 l.
2638 2174 2714 2209 ιν.

1643 2248 1660 2274 ‘
1676 2246 1916 2297 Clara-ea
1939 2245 2162 2295 victoria
2176 2243 2230 2293 iu
2254 2254 2504 2307 praesens,
2524 2238 2579 2289 in
2592 2251 2718 2303 pos·

1646 2330 1817 2374 terum
1855 2321 2006 2374 usui.’
2071 2320 2142 2371 Τὰ
2178 2319 2533 2370 munimentum·
2555 2322 2614 2365 et
2648 2315 2720 2364 ui-

1645 2401 1822 2451 tionem
1837 2406 1955 2451 sunt
1975 2397 2255 2461 ἐπιζήτησις
2273 2395 2437 2446 totius
2456 2394 2598 2445 illius
2619 2406 2722 2444 oon·

1648 2478 1777 2542 quiri
1819 2482 1869 2528 et
1908 2477 2115 2543 interfici
2132 2475 2320 2537 jmit‘:
2353 2471 2506 2537 quasi
2541 2468 2717 2519 foret:

1650 2553 1874 2605 interfici
1894 2554 2077 2620 jussit,
2115 2566 2219 2616 quo
2260 2554 2409 2601 recte
2449 2545 2722 2611 principes

1651 2636 1709 2684 et
1745 2647 1888 2682 more
1919 2630 2087 2682 veteri
2111 2628 2357 2694 judicant
2393 2640 2455 2675 se
2495 2624 2724 2689 sibi-mu-

1649 2710 1935 2760 nimentum
1958 2705 2283 2758 circumdare
2307 2703 2375 2754 ad
2399 2716 2654 2768 pratens,
2674 2699 2725 2748 in

1648 2786 1881 2837 futurum
1926 2799 2116 2851 parare
2154 2784 2418 2835 ultorem:
2453 2780 2544 2830 vel
2584 2775 2724 2844 quali

1653 2864 2101 2916 animadversione
2146 2864 2339 2926 putant
2382 2856 2650 2922 principes
2671 2867 2727 2905 se

1653 2954 1959 3004 comparare
2007 2937 2124 3001 sibi,
2181 2937 2303 2986 dum
2349 2939 2731 2996 sunu-statu-

1653 3017 1999 3076 securiorem3
2033 3014 2077 3063 si
2119 3012 2246 3079 quid
2286 3010 2466 3061 durius
2505 3008 2734 3070 evenat,

1654 3111 1722 3146 ne
1748 3096 1885 3145 desit
1906 3094 2117 3155 vindex,
2141 3092 2205 3141 ab
2229 3091 2461 3155 ipsorum
2490 3085 2739 3149 exempla

1658 3173 1845 3223 doctus
1880 3171 2210 3221 decessorem
2230 3180 2330 3216 non
2355 3165 2584 3216 inultum
2604 3161 2735 3227 pati.

1660 3251 1985 3316 Collegeram
2018 3248 2089 3299 ob‘
2126 3261 2289 3312 genus
2339 3242 2597 3310 loquendi
2626 3240 2741 3295 feto

1659 3329 1847 3392 omnia,
1868 3342 1985 3392 quae
2009 3327 2120 3392 jam
2142 3326 2232 3377 alii
2252 3323 2558 3386 ediderunt,
2572 3332 2759 3386 neque·

1659 3407 1832 3470 repeti
1894 3419 2110 3456 necesse
2155 3408 2256 3454 est.
2320 3400 2408 3452 Sic
2448 3404 2510 3451 et
2564 3399 2600 3451 l.
2620 3408 2743 3449 xm

1660 3486 1676 3512 ⁸
1692 3481 1951 3532 Annaeum
1973 3482 2237 3531 Lucanum
2263 3480 2522 3541 genuerat
2540 3471 2744 3539 grande

1662 3558 2020 3623 adjumentum
2057 3551 2420 3607 claritudinis!
2470 3584 2477 3591 -
2507 3551 2601 3601 Ad
2632 3562 2744 3601 rem

1662 3636 1930 3702 pertinent
1981 3634 2100 3684 ista.
2184 3629 2468 3682 Suetonius
2524 3624 2745 3683 Claudio

1662 3729 1710 3766 c.
1731 3717 1811 3764 11.
1834 3712 2094 3776 ‘paucise
2115 3708 2507 3773 conjuratorum
2526 3714 2746 3757 numero

1664 3790 2016 3855 interemptis,
2037 3785 2266 3851 exempli
2296 3782 2451 3833 simul
2490 3783 2745 3844 caumes

1667 3869 1804 3934 quod
1839 3882 1982 3918 suam
2022 3878 2228 3931 quoque
2269 3874 2453 3913 necem
2486 3858 2748 3923 depopos-

1668 3946 1806 3996 cisse
1843 3939 2200 4009 cognoverat!
2234 3938 2425 3989 Diol.
2454 3949 2644 3987 nvn.
2680 3933 2749 3995 ds

1669 4022 1990 4073 triumviris.
2025 4017 2113 4070 ὅτε
2131 4016 2228 4083 ’γὰρ
2266 4017 2355 4076 τῆς
2387 4011 2656 4078 μοναρχίας
2688 4010 2745 4069 4-

1667 4098 1880 4163 «primvm
1945 4096 2025 4147 καὶ
2075 4094 2193 4160 πρὸς
2233 4091 2383 4151 αὐτὴν
2450 4087 2749 4153 kam

1668 4176 1781 4228 τούς
1821 4196 1879 4226 τε
1916 4172 2135 4239 σφαγέας
2174 4171 2320 4224 αὐτοῦ
2338 4170 2453 4236 (τοῦ
2484 4163 2751 4232 Καίσαρες)

1668 4252 1779 4303 τσὺς
1800 4250 1993 4303 λοιποὺς
2011 4250 2136 4315 ὀργῇ
2148 4246 2387 4310 μετήισαν
2398 4245 2630 4311 (quami
2651 4254 2753 4293 non

1671 4329 1918 4395 profecto
1938 4329 2134 4379 honore
2150 4324 2395 4386 Cassaris,
2420 4329 2481 4372 ut
2484 4318 2746 4383 vitellius,

1668 4422 1765 4458 non
1800 4405 1974 4456 honoro
2006 4401 2193 4468 Galba,
2209 4402 2315 4466 sed)
2349 4399 2432 4464 ὣς,
2450 4394 2534 4449 καὶ
2555 4396 2611 4447 ἐκ
2629 4392 2738 4446 ταύ-
