3009 4942
825 404 971 454 ma.
1015 404 1071 455 1.
1118 402 1282 455 eAP.
1329 388 1393 456 1.

310 548 528 621 nuqua
546 564 707 610 um,
739 549 1020 617 respondet
1057 549 1132 600 iili
1167 549 1376 601 omnium

303 632 613 692 potestatem,
635 627 894 689 subaudit,
913 628 1088 676 civium
1101 643 1120 685 ‚-
1153 628 1249 675 hoc
1272 632 1375 689 est,

309 705 474 755 totius
498 705 676 768 populi
702 704 930 754 Romani.
981 702 1205 753 Omnium
1221 708 1375 766 potes-

308 785 484 842 tatem,
523 782 622 828 hoc
662 786 762 840 est,
806 795 958 845 quam
999 794 1172 829 omnes
1218 778 1374 828 babe-

308 856 459 907 bant.
491 856 759 906 Romans.
828 855 939 918 Ego
961 857 1086 905 nihil
1108 862 1279 918 muto;
1302 856 1374 906 sic

304 932 446 983 enim
479 932 690 997 scripsit
710 932 979 996 Ulpianus,
1011 933 1028 959 ‘
1049 933 1187 996 Lege
1211 932 1373 997 regia,

303 1024 425 1075 quae
467 1009 534 1058 de
580 1009 798 1073 imperio
839 1008 1087 1072 principis
1130 1009 1236 1059 lata
1274 1017 1373 1071 est,

304 1085 529 1149 populus
552 1086 602 1134 ei
622 1092 678 1135 et
700 1085 751 1133 iu
776 1099 892 1134 eum
927 1101 1077 1134 omne
1111 1100 1256 1135 suum
1281 1086 1372 1135 im·

303 1164 513 1228 perium
535 1170 591 1213 et
612 1170 922 1227 potestatem
947 1162 1178 1228 confert‚'
1202 1163 1254 1212 id
1272 1169 1371 1226 est,

304 1238 534 1303 Omnem
558 1240 845 1304 imperandi
863 1247 1197 1305 potestatem,
1216 1255 1370 1303 quam

304 1316 536 1380 populus
560 1317 612 1365 in
636 1318 776 1368 cives
809 1318 1050 1383 singulos,
1072 1325 1130 1369 et
1162 1318 1370 1368 insum·

302 1404 449 1441 mum
502 1393 668 1456 ipsum
724 1394 1081 1459 magistratum
1131 1395 1367 1444 baberet.

307 1468 611 1520 Vertrunius.
678 1472 799 1520 Nou
819 1471 1063 1535 displicet
1084 1472 1239 1520 lectio
1263 1471 1390 1521 Da··

300 1545 451 1610 nesii,
465 1548 553 1613 qui
577 1547 735 1597 habet
757 1563 821 1596 ex
843 1564 892 1598 v.
907 1564 955 1600 c.
986 1549 1147 1612 Atque
1167 1550 1370 1598 omnium

293 1627 601 1687 potestatem.
635 1625 873 1673 Ursinus.
911 1626 1050 1674 Flor.
1076 1624 1263 1686 habet3
1297 1629 1368 1674 at-

239 1746 244 1751 .
299 1714 395 1763 que
435 1716 618 1750 omnem
653 1702 934 1765 potentiam.
1000 1700 1246 1751 Picbena.
1283 1701 1367 1750 ci·

299 1790 427 1826 cero
450 1774 587 1827 Phil.
610 1792 651 1827 1.
685 1781 700 1808 ‘
720 1783 786 1828 n'e
807 1779 1046 1843 ignorans
1069 1792 1245 1828 verum
1266 1778 1369 1828 iter

299 1854 486 1918 gloriae
510 1855 784 1919 gloriosum
818 1862 970 1920 putes
993 1855 1108 1919 plns
1134 1861 1185 1904 te
1210 1870 1367 1905 unum

248 1980 263 1995 ἱ
297 1944 457 1994 posse
497 1947 652 1997 qnam
696 1933 907 1983 omnes?
978 1932 1155 1982 Livius
1194 1932 1229 1980 1.
1277 1945 1366 1982 111.

295 2006 593 2058 ‘licentiam
616 2023 758 2058 suam
772 2011 946 2074 malle,
965 2024 1119 2075 quam
1143 2009 1367 2058 omnium

301 2083 644 2135 libertatem!
710 2086 827 2136 Sive
850 2086 913 2136 ab
934 2088 1003 2148 τῷ·
1022 2087 1180 2135 omnia
1199 2087 1366 2135 malis.

298 2162 498 2213 Noster
521 2164 557 2213 l.
576 2178 615 2213 1.
639 2163 655 2191 ‘
675 2176 827 2229 quam
842 2163 1127 2229 subjectum
1141 2161 1365 2212 fortunas

298 2240 522 2305 regendi
541 2247 733 2292 cuncta
754 2255 900 2304 onus,
925 2241 1143 2305 proinde
1165 2241 1218 2290 in
1241 2241 1365 2291 civi-

296 2322 409 2367 tate
433 2317 514 2368 ιόι
540 2318 829 2369 illustribus
858 2318 984 2368 viris
1021 2318 1240 2368 subnixa
1261 2333 1364 2369 non

296 2395 367 2444 ud
398 2376 556 2445 umi'in
592 2397 762 2446 omnia
800 2395 1096 2447 deferrent?
1162 2397 1365 2449 Quinti·

291 2470 461 2522 lianus
495 2473 626 2524 Inst.
651 2488 728 2524 v1.
753 2478 800 2523 l.
834 2474 849 2501 4
867 2489 986 2525 cum
1022 2473 1193 2524 omnia
1221 2488 1363 2525 curoe

294 2549 582 2615 tutciaeque
603 2550 752 2599 unius
772 2548 989 2600 innixa!
1055 2552 1262 2601 Gronov.

357 2626 626 2692 Ambitioni
648 2627 894 2691 scriptoris
905 2625 1060 2686 facile
1078 2627 1365 2692 adverseris]

296 2702 545 2768 Reposui‚
565 2702 661 2753 Sed
685 2703 987 2753 ambitionem
1008 2704 1254 2767 scriptoris
1276 2702 1361 2764 fa·

291 2778 382 2828 cile
398 2779 664 2829 adverseris
677 2796 696 2830 .-
729 2794 849 2829 nam
868 2780 1085 2830 Tacitus
1108 2781 1245 2830 solet
1264 2780 1362 2830 hoc

291 2856 510 2907 verbum
545 2873 660 2907 cnm
697 2858 994 2908 accusativo
1025 2859 1361 2923 conjungere.

290 2932 378 2982 Sic
399 2931 569 2983 infra:
603 2934 618 2961 ‘
638 2933 859 2983 Vidistis
874 2933 1249 2984 commilitones
1270 2947 1363 2983 no·

298 3007 452 3057 tabili
490 3013 805 3075 tempestate
830 3010 990 3061 etiam
1010 3010 1136 3062 dees
1172 3009 1361 3060 iufaus-

298 3091 408 3134 tam
433 3085 765 3151 adoptionem
790 3087 1164 3138 adversantes.’
1204 3088 1362 3138 Libro

289 3160 482 3211 Annal.
527 3176 568 3211 1.
621 3162 638 3190 4
654 3163 760 3213 Sua
806 3158 1052 3213 facinora‘
1097 3163 1363 3213 adversari

289 3240 438 3290 Deos
490 3240 874 3291 lamentantur!
941 3241 1165 3290 Rursum
1214 3239 1360 3289 Hist.

287 3314 326 3364 l.
364 3329 456 3365 111.
493 3317 673 3367 ‘Voce
706 3316 867 3367 flebili
906 3318 1216 3382 precabatur
1254 3314 1359 3381 pla·

290 3398 438 3445 catos
462 3394 626 3459 patris
659 3409 836 3444 manes
872 3409 1004 3446 neve
1044 3409 1099 3444 se
1121 3401 1182 3444 ut
1200 3395 1363 3459 parri-

291 3468 464 3519 cidam
500 3470 939 3521 adversarentur!
1006 3470 1148 3521 nist.
1169 3472 1262 3521 lib.
1283 3485 1359 3521 tv.

287 3548 305 3575 ‘
330 3547 535 3610 Vulgus
579 3547 844 3596 adversari
888 3560 1083 3611 regem,
1125 3547 1361 3598 invidere

289 3621 543 3687 AEgypto‚
569 3624 670 3673 sibi
706 3631 960 3687 metuere,
1005 3625 1361 3690 templumque

288 3699 701 3752 circumsidere.'
769 3701 1044 3750 Rhenanus.
1121 3700 1360 3750 Mutave-

284 3781 372 3827 rat
395 3778 660 3842 Muretus,
682 3778 969 3828 adverteris.-
989 3779 1144 3829 male.
1207 3778 1359 3830 Quod

284 3853 331 3903 si
353 3852 484 3919 quid
503 3860 638 3905 'erat
670 3854 1016 3919 mutandum·
1036 3856 1209 3921 potius
1229 3871 1362 3906 aver-

285 3932 425 3994 teris,
444 3931 532 3980 vel
554 3932 799 3982 averseris.
865 3932 970 3982 Sed
992 3948 1095 3983 non
1118 3940 1235 3984 erat
1267 3936 1362 3984 Ta·

287 4008 385 4059 citi
421 4008 515 4057 iila
556 4008 771 4073 propria
815 4000 1048 4073 phrasis:
1099 4011 1197 4061 boc
1243 4011 1361 4075 ipso

285 4088 422 4138 libro
465 4085 638 4137 infra:
672 4087 689 4116 ‘
708 4087 851 4137 Deos
888 4087 1168 4139 infaustam
1200 4089 1360 4154 adop·

208 4181 214 4189 ·
284 4165 485 4216 tionem
524 4163 901 4216 adversantes!
939 4160 942 4163 ’
981 4165 1231 4215 Ceterum
1269 4180 1361 4216 no·

286 4240 423 4292 tabis
465 4240 769 4290 ambitionem
817 4241 1030 4310 rariore
1071 4241 1363 4306 significatu

182 4340 186 4342 v
285 4318 374 4370 hic
410 4331 508 4385 pro
552 4316 898 4373 assentatione
934 4319 1020 4369 vel
1064 4318 1361 4371 adulatione

605 4433 634 4458 S

1452 550 1593 614 poni.
1660 551 1724 600 Id
1764 556 1918 616 patet
1936 564 2054 603 cum
2066 534 2152 601 'ex'
2175 552 2411 617 proxime
2431 567 2511 603 se·

1450 627 1756 692 quentibns:
1809 628 2050 692 ‘Quippe
2094 629 2378 679 adulationi
2418 628 2512 680 foe-

1450 703 1572 752 dum
1616 706 1810 753 crimen
1863 706 2148 767 servitutis,
2199 707 2511 771 malignitati

1448 777 1577 830 falsa
1595 781 1796 844 species
1820 781 2071 831 libertatis
2093 782 2227 831 inest
2246 782 2281 831 :'
2316 789 2425 833 tum
2442 798 2511 833 ex

1449 858 1894 923 praecedentibus:
1928 861 1943 887 4
1960 873 2077 908 mox
2103 858 2314 908 libidine
2337 874 2509 909 assen-

1448 935 1629 997 tandi,’
1685 935 2030 984 adulationem
2074 942 2129 984 et
2175 935 2508 986 ambitionem

1447 1013 1861 1077 deprehendens.
1885 1011 1991 1062 Sed
2005 1018 2060 1060 et
2080 1010 2374 1060 ambitiosum
2384 1013 2511 1062 item

1446 1105 1543 1154 pro
1574 1090 1931 1139 assentatorio.
1984 1086 2162 1155 Rufras
2198 1088 2213 1115 4
2236 1088 2395 1137 Multi
2421 1102 2508 1139 oc·

1447 1166 1593 1215 culta
1645 1180 1757 1230 spe,
1808 1172 1965 1230 prout
2019 1164 2132 1230 quis
2181 1164 2393 1227 amicus,
2424 1164 2508 1215 vel

1445 1243 1625 1304 cliens,
1657 1243 1791 1292 bunc
1823 1243 1905 1291 vel
1938 1242 2080 1291 illum
2119 1242 2401 1292 ambitiosis
2423 1256 2508 1291 ru·

1443 1320 1673 1369 moribus
1723 1318 2090 1369 destinabant?
2155 1313 2371 1367 Sallssin
2417 1318 2509 1370 Ju-

1444 1398 1618 1461 gurth.
1650 1395 1716 1446 de
1749 1397 1984 1458 Metello,
2017 1397 2032 1424 ‘
2050 1401 2196 1445 tanta
2219 1403 2509 1458 temperan-

1445 403 2011 459 HISTORIARUM.

1444 1472 1517 1522 tia
1534 1473 1670 1522 inter
1691 1472 2018 1523 ambitionem
2032 1470 2384 1535 saevitiamque
2406 1484 2512 1521 mo·
2604 1480 2608 1485 “

1443 1550 1717 1601 dei-atum!
1781 1550 2043 1600 Acidalius.
2120 1549 2405 1613 Min-etuas
2427 1548 2511 1596 ad-

1441 1628 1658 1677 verteris.
1742 1627 1944 1689 Malim,
1991 1625 2233 1675 averseris.
2319 1624 2509 1673 Similis

1440 1705 1618 1767 lapsus
1641 1719 1743 1754 non
1763 1706 1922 1753 semel
1942 1704 1996 1753 iu
2013 1704 2089 1752 his
2108 1702 2268 1752 libris.
2333 1701 2509 1751 Pictu-

1441 1795 1523 1830 aa.
1591 1781 1782 1845 Legam
1819 1781 2067 1843 armeris,
2093 1794 2211 1829 cnm
2253 1779 2506 1829 Pichena.
2554 1815 2625 1862 a
2654 1790 2724 1875 ι’

1443 1856 1812 1907 Freinshemius.

1506 1934 1639 1982 Mihi
1663 1934 1834 1999 Galba,
1861 1934 2005 1996 Otho,
2035 1932 2276 1995 Vitellius]
2309 1932 2507 1982 Eadem
2572 1970 2585 1984 .

1440 2007 1552 2059 fere
1580 2010 1813 2073 CrispuS‚
1835 2015 1894 2058 nt
1923 2010 2020 2058 sibi
2051 2008 2184 2058 fides
2223 2008 2508 2058 haberetur

1441 2084 1494 2134 in
1533 2099 1745 2148 prooem.
1780 2086 1937 2135 Catil.
1968 2088 1983 2114 4
2008 2086 2181 2137 Statui
2216 2100 2294 2135 res
2329 2092 2506 2148 gestas

1442 2162 1618 2225 populi
1642 2163 1791 2211 Rom.
1814 2162 2032 2225 carptim
2054 2162 2136 2226 (ut
2154 2156 2380 2225 ‘quaeque
2403 2175 2507 2210 me·

1438 2238 1605 2287 moria
1624 2237 1782 2302 digna
1803 2235 2136 2302 videbantur)
2153 2236 2502 2301 perscribere:

1439 2331 1503 2366 eo
1526 2317 1692 2381 magis
1715 2316 1856 2381 qnod
1879 2315 2002 2365 mibi
2023 2331 2053 2365 a
2076 2329 2187 2380 spe,
2202 2321 2367 2376 metu,
2392 2327 2508 2377 par·

1441 2386 1580 2444 tibus
1604 2395 1734 2457 reip.
1762 2394 1957 2442 animus
1980 2392 2111 2443 liber
2130 2390 2278 2442 erat?
2321 2390 2474 2440 Satin.

1503 2471 1830 2534 Iacet-mptum
1838 2471 1993 2538 fidem
2004 2469 2230 2534 professis
2242 2484 2325 2518 aee
2345 2482 2505 2518 amore

1437 2549 1703 2615 qaisquam]
1749 2550 1890 2599 Mur.
1932 2563 2016 2597 nec
2057 2561 2161 2609 cam
2200 2560 2388 2596 amore.-
2444 2550 2507 2595 ut

1439 2628 1629 2690 placet.
1693 2627 1796 2678 Sed
1835 2640 2079 2691 quorsum
2113 2621 2507 2688 etiam.pr0sess'o

1436 2706 1643 2755 mittat?
1674 2705 1841 2755 Nimis
1865 2703 2103 2768 putidum
2120 2703 2281 2753 istud.
2313 2701 2505 2752 Acidal.

1510 2780 1784 2831 Uber-iorem
1801 2777 2191 2843 securioremque]
2224 2781 2505 2841 Compara·

1437 2856 1603 2907 tivum
1636 2858 1856 2907 alterum
1894 2867 1997 2906 non
2038 2862 2121 2906 est
2157 2856 2210 2905 in
2239 2855 2373 2905 libro
2394 2869 2506 2904 ma·

1435 2934 1725 2998 nnscripto.
1794 2935 2068 3005 Rheaanus.
2171 2933 2378 2984 Dubito
2434 2932 2502 2982 de

1434 3010 1739 3060 sinceritate
1765 3011 1936 3060 -vocis
1999 3009 2297 3060 uberiorem.-
2358 3009 2502 3060 nullo

1436 3087 1574 3134 enim
1608 3086 1765 3136 modo
1802 3087 2010 3137 uberior
2050 3086 2312 3138 scribendi
2352 3100 2502 3151 seges

1436 3160 1490 3210 in
1537 3161 1855 3227 temporibus
1902 3163 2098 3212 Nervae
2159 3169 2217 3213 et
2274 3163 2504 3227 Traiani,

1435 3252 1588 3303 quam
1626 3238 1677 3288 iu
1719 3239 1971 3305 his,.quae
2008 3254 2146 3290 nunc
2177 3241 2500 3305 aggreditur.

1435 3315 1591 3368 Quod
1628 3317 1672 3366 si
1709 3330 1833 3366 vera
1854 3316 2134 3381 scriptura,
2159 3331 2263 3366 non
2284 3331 2354 3366 ex
2373 3331 2499 3367 vero

1433 3392 1712 3442 sententia.
1778 3392 1904 3442 Nec
1932 3406 2055 3442 sane
2094 3393 2229 3461 ratio
2270 3398 2372 3456 est,
2409 3406 2504 3442 cur

1433 3467 1729 3520 uberiorem
1749 3469 2022 3520 materiam
2055 3469 2312 3520 senectuti
2335 3478 2501 3518 reser-

1432 3552 1560 3607 νοις
1616 3545 1714 3594 nisi
1768 3546 1997 3610 quietem
2045 3544 2186 3596 forte
2237 3552 2294 3595 et
2334 3543 2500 3595 otium

1434 3623 1672 3686 respicit,
1693 3623 1780 3673 cui
1819 3629 1993 3672 tamen
2030 3623 2152 3672 vitae
2191 3621 2364 3672 senilis
2408 3621 2499 3672 tini

1433 3699 1702 3750 commodo
1735 3700 1900 3750 multa
1935 3715 1967 3750 e
2008 3699 2218 3748 diverso
2264 3711 2498 3762 opponas

1433 3778 1780 3828 incommoda.
1817 3777 2060 3841 Denique
2083 3776 2127 3825 si
2149 3777 2237 3825 illa
2254 3776 2500 3826 'materies

1434 3853 1647 3904 uberior
1705 3854 1929 3917 tandem,
1977 3868 2073 3902 cnr
2120 3853 2272 3916 hujus
2325 3851 2498 3916 operis

1435 3933 1754 3998 opulentiam
1778 3940 1884 3983 tam
1906 3930 2180 3997 ambitiose
2213 3931 2390 3981 statim
2423 3932 2499 3981 in-

1435 4011 1568 4075 cipit
1597 4010 1900 4060 recensere?
1930 4008 2029 4057 Vel
2065 4009 2182 4071 lege
2213 4007 2498 4070 liberiorem,

1436 4086 1574 4152 quod
1597 4086 1820 4150 probant
1838 4083 2140 4150 sequentia:
2171 4083 2188 4112 4
2205 4085 2345 4134 Rara
2366 4090 2498 4134 tem-

1435 4152 1620 4227 porum
1642 4161 1916 4226 felicitate,
1936 4161 2028 4211 ubi
2055 4161 2248 4210 sentire
2271 4175 2386 4225 quaa
2409 4175 2498 4210 ve·

1436 4241 1520 4299 lis,
1543 4247 1598 4290 et
1618 4255 1733 4308 quae
1756 4240 1949 4291 sentias
1971 4237 2149 4289 dicere
2170 4236 2328 4292 licet?
2378 4234 2498 4295 Aci-

1433 4317 1606 4370 daliae.
2190 4320 2195 4331 ⁴
