<?xml version="1.0" encoding="UTF-8"?>
<!DOCTYPE html PUBLIC "-//W3C//DTD XHTML 1.0 Transitional//EN"
    "http://www.w3.org/TR/xhtml1/DTD/xhtml1-transitional.dtd">
<html xmlns="http://www.w3.org/1999/xhtml" xml:lang="en" lang="en">
 <head>
  <title>
</title>
<meta http-equiv="Content-Type" content="text/html;charset=utf-8" />
  <meta name='ocr-system' content='tesseract 3.04.00' />
  <meta name='ocr-capabilities' content='ocr_page ocr_carea ocr_par ocr_line ocrx_word'/>
</head>
<body>
  <div class='ocr_page' id='page_1' title='image "./operaomnia10tacigoog/operaomnia10tacigoog_0365.png"; bbox 0 0 3009 4942; ppageno 0'>
   <div class='ocr_carea' id='block_1_1' title="bbox 818 406 2021 475">
    <p class='ocr_par' dir='ltr' id='par_1_1' title="bbox 818 406 2021 475">
     <span class='ocr_line' id='line_1_1' title="bbox 818 406 2021 475; baseline -0.004 -2"><span class='ocrx_word' id='word_1_1' title='bbox 818 424 966 474; x_wconf 77' lang='lat' dir='ltr'><strong>ma.</strong></span> <span class='ocrx_word' id='word_1_2' title='bbox 1011 422 1147 473; x_wconf 86' lang='lat' dir='ltr'><strong>xv.</strong></span> <span class='ocrx_word' id='word_1_3' title='bbox 1195 422 1361 475; x_wconf 72' lang='lat' dir='ltr'><strong>oAr.</strong></span> <span class='ocrx_word' id='word_1_4' title='bbox 1403 406 1519 474; x_wconf 71' lang='lat'><strong>⁵74.</strong></span> <span class='ocrx_word' id='word_1_5' title='bbox 1574 422 2021 474; x_wconf 60' lang='lat' dir='ltr'><strong>Aul-tamnu.</strong></span> 
     </span>
    </p>
   </div>
   <div class='ocr_carea' id='block_1_2' title="bbox 300 536 1376 636">
    <p class='ocr_par' dir='ltr' id='par_1_2' title="bbox 300 536 1376 636">
     <span class='ocr_line' id='line_1_2' title="bbox 300 536 1376 636; baseline -0.006 -13"><span class='ocrx_word' id='word_1_6' title='bbox 300 570 607 636; x_wconf 69' lang='lat' dir='ltr'><strong>compositam</strong></span> <span class='ocrx_word' id='word_1_7' title='bbox 642 575 690 620; x_wconf 78' lang='lat' dir='ltr'><strong>et</strong></span> <span class='ocrx_word' id='word_1_8' title='bbox 723 567 1021 619; x_wconf 65' lang='lat' dir='ltr'><strong>obliteratam</strong></span> <span class='ocrx_word' id='word_1_9' title='bbox 1056 536 1376 618; x_wconf 60' lang='lat' dir='ltr'><strong>mansum-</strong></span> 
     </span>
    </p>
   </div>
   <div class='ocr_carea' id='block_1_3' title="bbox 231 644 1373 4392">
    <p class='ocr_par' dir='ltr' id='par_1_3' title="bbox 231 644 1373 4392">
     <span class='ocr_line' id='line_1_3' title="bbox 300 644 1373 711; baseline -0.003 -15"><span class='ocrx_word' id='word_1_10' title='bbox 300 662 411 696; x_wconf 71' lang='lat' dir='ltr'><strong>nem</strong></span> <span class='ocrx_word' id='word_1_11' title='bbox 426 647 679 711; x_wconf 76' lang='lat' dir='ltr'><strong>principis,</strong></span> <span class='ocrx_word' id='word_1_12' title='bbox 710 646 834 694; x_wconf 76' lang='lat' dir='ltr'><strong>iram</strong></span> <span class='ocrx_word' id='word_1_13' title='bbox 855 660 1022 694; x_wconf 73' lang='lat' dir='ltr'><strong>aarum</strong></span> <span class='ocrx_word' id='word_1_14' title='bbox 1058 647 1121 694; x_wconf 80' lang='lat' dir='ltr'><strong>ad</strong></span> <span class='ocrx_word' id='word_1_15' title='bbox 1140 644 1373 694; x_wconf 74' lang='lat' dir='ltr'><strong>sevitium</strong></span> 
     </span>
     <span class='ocr_line' id='line_1_4' title="bbox 299 724 1373 787; baseline -0.003 -13"><span class='ocrx_word' id='word_1_16' title='bbox 299 726 583 776; x_wconf 73' lang='lat' dir='ltr'><strong>retraheret.</strong></span> <span class='ocrx_word' id='word_1_17' title='bbox 604 725 834 774; x_wconf 81' lang='lat' dir='ltr'><strong>Ursinus.</strong></span> <span class='ocrx_word' id='word_1_18' title='bbox 888 725 1078 774; x_wconf 89' lang='lat' dir='ltr'><strong>Insane</strong></span> <span class='ocrx_word' id='word_1_19' title='bbox 1101 724 1232 773; x_wconf 90' lang='lat' dir='ltr'><strong>bene</strong></span> <span class='ocrx_word' id='word_1_20' title='bbox 1254 724 1373 787; x_wconf 87' lang='lat' dir='ltr'><strong>Lip-</strong></span> 
     </span>
     <span class='ocr_line' id='line_1_5' title="bbox 300 799 1372 864; baseline -0.002 -14"><span class='ocrx_word' id='word_1_21' title='bbox 300 800 436 850; x_wconf 84' lang='lat' dir='ltr'><strong>sius:</strong></span> <span class='ocrx_word' id='word_1_22' title='bbox 472 816 564 850; x_wconf 73' lang='lat' dir='ltr'><strong>neu</strong></span> <span class='ocrx_word' id='word_1_23' title='bbox 595 801 850 864; x_wconf 69' lang='lat' dir='ltr'><strong>composita</strong></span> <span class='ocrx_word' id='word_1_24' title='bbox 870 805 919 849; x_wconf 77' lang='lat' dir='ltr'><strong>et</strong></span> <span class='ocrx_word' id='word_1_25' title='bbox 948 799 1222 849; x_wconf 75' lang='lat' dir='ltr'><strong>oblitterata</strong></span> <span class='ocrx_word' id='word_1_26' title='bbox 1243 814 1372 848; x_wconf 70' lang='lat' dir='ltr'><strong>man·</strong></span> 
     </span>
     <span class='ocr_line' id='line_1_6' title="bbox 297 875 1371 939; baseline -0.001 -14"><span class='ocrx_word' id='word_1_27' title='bbox 297 877 551 926; x_wconf 62' lang='lat' dir='ltr'><strong>aaudiat</strong></span> <span class='ocrx_word' id='word_1_28' title='bbox 573 877 820 939; x_wconf 74' lang='lat' dir='ltr'><strong>Principis</strong></span> <span class='ocrx_word' id='word_1_29' title='bbox 850 890 1018 925; x_wconf 73' lang='lat' dir='ltr'><strong>novam</strong></span> <span class='ocrx_word' id='word_1_30' title='bbox 1054 877 1115 923; x_wconf 80' lang='lat' dir='ltr'><strong>ud</strong></span> <span class='ocrx_word' id='word_1_31' title='bbox 1135 875 1371 925; x_wconf 77' lang='lat' dir='ltr'><strong>soevitiam</strong></span> 
     </span>
     <span class='ocr_line' id='line_1_7' title="bbox 297 942 1368 1016; baseline -0.001 -14"><span class='ocrx_word' id='word_1_32' title='bbox 297 953 529 1002; x_wconf 64' lang='lat' dir='ltr'><strong>traheret.</strong></span> <span class='ocrx_word' id='word_1_33' title='bbox 600 954 715 1002; x_wconf 87' lang='lat' dir='ltr'><strong>Nec</strong></span> <span class='ocrx_word' id='word_1_34' title='bbox 755 967 853 1016; x_wconf 81' lang='lat' dir='ltr'><strong>ego</strong></span> <span class='ocrx_word' id='word_1_35' title='bbox 887 942 1051 1012; x_wconf 70' lang='lat' dir='ltr'><strong>muto,</strong></span> <span class='ocrx_word' id='word_1_36' title='bbox 1096 952 1191 1000; x_wconf 87' lang='lat' dir='ltr'><strong>uisi</strong></span> <span class='ocrx_word' id='word_1_37' title='bbox 1231 952 1368 1016; x_wconf 86' lang='lat' dir='ltr'><strong>quod</strong></span> 
     </span>
     <span class='ocr_line' id='line_1_8' title="bbox 297 1028 1371 1092; baseline 0.001 -13"><span class='ocrx_word' id='word_1_38' title='bbox 297 1029 487 1079; x_wconf 85' lang='lat' dir='ltr'><strong>eodem</strong></span> <span class='ocrx_word' id='word_1_39' title='bbox 508 1042 661 1078; x_wconf 84' lang='lat' dir='ltr'><strong>sensu</strong></span> <span class='ocrx_word' id='word_1_40' title='bbox 686 1029 786 1091; x_wconf 80' lang='lat' dir='ltr'><strong>legi</strong></span> <span class='ocrx_word' id='word_1_41' title='bbox 822 1028 982 1078; x_wconf 90' lang='lat' dir='ltr'><strong>etiam</strong></span> <span class='ocrx_word' id='word_1_42' title='bbox 1004 1036 1243 1092; x_wconf 87' lang='lat' dir='ltr'><strong>poterat.</strong></span> <span class='ocrx_word' id='word_1_43' title='bbox 1278 1044 1371 1080; x_wconf 69' lang='lat' dir='ltr'><strong>neu</strong></span> 
     </span>
     <span class='ocr_line' id='line_1_9' title="bbox 293 1105 1370 1169; baseline 0.002 -15"><span class='ocrx_word' id='word_1_44' title='bbox 293 1107 555 1169; x_wconf 70' lang='lat' dir='ltr'><strong>composita</strong></span> <span class='ocrx_word' id='word_1_45' title='bbox 575 1111 642 1155; x_wconf 79' lang='lat' dir='ltr'><strong>et</strong></span> <span class='ocrx_word' id='word_1_46' title='bbox 635 1106 928 1163; x_wconf 76' lang='lat' dir='ltr'><strong>oblitterata</strong></span> <span class='ocrx_word' id='word_1_47' title='bbox 966 1105 1370 1156; x_wconf 65' lang='lat' dir='ltr'><strong>mansuetudinem</strong></span> 
     </span>
     <span class='ocr_line' id='line_1_10' title="bbox 293 1182 1368 1253; baseline 0.001 -22"><span class='ocrx_word' id='word_1_48' title='bbox 293 1182 546 1247; x_wconf 68' lang='lat' dir='ltr'><strong>Pmetpis</strong></span> <span class='ocrx_word' id='word_1_49' title='bbox 563 1198 730 1253; x_wconf 70' lang='lat' dir='ltr'><strong>novam</strong></span> <span class='ocrx_word' id='word_1_50' title='bbox 763 1185 827 1232; x_wconf 80' lang='lat' dir='ltr'><strong>ud</strong></span> <span class='ocrx_word' id='word_1_51' title='bbox 845 1183 1083 1232; x_wconf 59' lang='lat' dir='ltr'><strong>muium</strong></span> <span class='ocrx_word' id='word_1_52' title='bbox 1107 1182 1368 1234; x_wconf 73' lang='lat' dir='ltr'><strong><em>traherent.</em></strong></span> 
     </span>
     <span class='ocr_line' id='line_1_11' title="bbox 293 1256 592 1308; baseline 0.004 -2"><span class='ocrx_word' id='word_1_53' title='bbox 293 1256 592 1308; x_wconf 86' lang='lat' dir='ltr'><strong>Acidalius.</strong></span> 
     </span>
     <span class='ocr_line' id='line_1_12' title="bbox 297 1334 1370 1400; baseline 0.001 -15"><span class='ocrx_word' id='word_1_54' title='bbox 297 1358 306 1385; x_wconf 70' lang='grc' dir='ltr'><strong>ε</strong></span> <span class='ocrx_word' id='word_1_55' title='bbox 363 1334 607 1385; x_wconf 58' lang='lat' dir='ltr'><strong>Canu.</strong></span> <span class='ocrx_word' id='word_1_56' title='bbox 655 1335 834 1386; x_wconf 80' lang='lat' dir='ltr'><strong>Grates</strong></span> <span class='ocrx_word' id='word_1_57' title='bbox 873 1336 994 1386; x_wconf 81' lang='lat' dir='ltr'><strong>Deis</strong></span> <span class='ocrx_word' id='word_1_58' title='bbox 1033 1335 1370 1400; x_wconf 72' lang='lat' dir='ltr'><strong>decernantur]</strong></span> 
     </span>
     <span class='ocr_line' id='line_1_13' title="bbox 292 1408 1366 1477; baseline 0.004 -19"><span class='ocrx_word' id='word_1_59' title='bbox 292 1408 360 1458; x_wconf 73' lang='grc' dir='ltr'><strong>Τὸ</strong></span> <span class='ocrx_word' id='word_1_60' title='bbox 397 1412 713 1462; x_wconf 70' lang='lat' dir='ltr'><strong>decernuntur</strong></span> <span class='ocrx_word' id='word_1_61' title='bbox 749 1412 1028 1477; x_wconf 77' lang='lat' dir='ltr'><strong>redundat,</strong></span> <span class='ocrx_word' id='word_1_62' title='bbox 1072 1418 1130 1462; x_wconf 91' lang='lat' dir='ltr'><strong>nt</strong></span> <span class='ocrx_word' id='word_1_63' title='bbox 1170 1412 1366 1475; x_wconf 87' lang='lat' dir='ltr'><strong>opinor.</strong></span> 
     </span>
     <span class='ocr_line' id='line_1_14' title="bbox 290 1487 1368 1553; baseline 0 -15"><span class='ocrx_word' id='word_1_64' title='bbox 290 1487 507 1551; x_wconf 67' lang='lat' dir='ltr'><strong>Lipsius.</strong></span> <span class='ocrx_word' id='word_1_65' title='bbox 576 1489 705 1538; x_wconf 90' lang='lat' dir='ltr'><strong>Cum</strong></span> <span class='ocrx_word' id='word_1_66' title='bbox 730 1489 883 1540; x_wconf 87' lang='lat' dir='ltr'><strong>modo</strong></span> <span class='ocrx_word' id='word_1_67' title='bbox 915 1490 1244 1553; x_wconf 80' lang='lat' dir='ltr'><strong>proecesserit</strong></span> <span class='ocrx_word' id='word_1_68' title='bbox 1266 1503 1368 1538; x_wconf 84' lang='lat' dir='ltr'><strong>vox</strong></span> 
     </span>
     <span class='ocr_line' id='line_1_15' title="bbox 290 1564 1365 1627; baseline 0.002 -14"><span class='ocrx_word' id='word_1_69' title='bbox 290 1564 504 1627; x_wconf 60' lang='lat' dir='ltr'><strong>Mera«,</strong></span> <span class='ocrx_word' id='word_1_70' title='bbox 539 1578 653 1614; x_wconf 88' lang='lat' dir='ltr'><strong>eam</strong></span> <span class='ocrx_word' id='word_1_71' title='bbox 679 1567 895 1616; x_wconf 74' lang='lat' dir='ltr'><strong>iterasse</strong></span> <span class='ocrx_word' id='word_1_72' title='bbox 931 1566 1108 1616; x_wconf 89' lang='lat' dir='ltr'><strong>statim</strong></span> <span class='ocrx_word' id='word_1_73' title='bbox 1129 1566 1365 1615; x_wconf 86' lang='lat' dir='ltr'><strong>Tacitum</strong></span> 
     </span>
     <span class='ocr_line' id='line_1_16' title="bbox 288 1638 1363 1707; baseline 0.004 -20"><span class='ocrx_word' id='word_1_74' title='bbox 288 1638 433 1689; x_wconf 83' lang='lat' dir='ltr'><strong>haud</strong></span> <span class='ocrx_word' id='word_1_75' title='bbox 452 1640 788 1704; x_wconf 83' lang='lat' dir='ltr'><strong>crediderim,</strong></span> <span class='ocrx_word' id='word_1_76' title='bbox 807 1642 1041 1707; x_wconf 83' lang='lat' dir='ltr'><strong>adeoque</strong></span> <span class='ocrx_word' id='word_1_77' title='bbox 1056 1642 1153 1691; x_wconf 83' lang='lat' dir='ltr'><strong>hoc</strong></span> <span class='ocrx_word' id='word_1_78' title='bbox 1173 1642 1289 1693; x_wconf 81' lang='lat' dir='ltr'><strong>loco</strong></span> <span class='ocrx_word' id='word_1_79' title='bbox 1313 1643 1363 1692; x_wconf 90' lang='lat' dir='ltr'><strong>id</strong></span> 
     </span>
     <span class='ocr_line' id='line_1_17' title="bbox 288 1717 1366 1781; baseline 0.002 -16"><span class='ocrx_word' id='word_1_80' title='bbox 288 1717 613 1766; x_wconf 72' lang='lat' dir='ltr'><strong>decernuntur</strong></span> <span class='ocrx_word' id='word_1_81' title='bbox 664 1732 757 1781; x_wconf 92' lang='lat' dir='ltr'><strong>pro</strong></span> <span class='ocrx_word' id='word_1_82' title='bbox 804 1718 1023 1768; x_wconf 85' lang='lat' dir='ltr'><strong>insititio</strong></span> <span class='ocrx_word' id='word_1_83' title='bbox 1078 1718 1366 1769; x_wconf 80' lang='lat' dir='ltr'><strong>habuerim.</strong></span> 
     </span>
     <span class='ocr_line' id='line_1_18' title="bbox 289 1794 1363 1847; baseline 0.002 -3"><span class='ocrx_word' id='word_1_84' title='bbox 289 1794 667 1847; x_wconf 70' lang='lat' dir='ltr'><strong>Freinshemius.</strong></span> <span class='ocrx_word' id='word_1_85' title='bbox 752 1796 959 1845; x_wconf 87' lang='lat' dir='ltr'><strong>Dubius</strong></span> <span class='ocrx_word' id='word_1_86' title='bbox 1019 1810 1132 1845; x_wconf 88' lang='lat' dir='ltr'><strong>sum</strong></span> <span class='ocrx_word' id='word_1_87' title='bbox 1194 1802 1363 1846; x_wconf 85' lang='lat' dir='ltr'><strong>tamen</strong></span> 
     </span>
     <span class='ocr_line' id='line_1_19' title="bbox 286 1873 1362 1925; baseline 0.005 -5"><span class='ocrx_word' id='word_1_88' title='bbox 286 1877 470 1922; x_wconf 86' lang='lat' dir='ltr'><strong>utrum</strong></span> <span class='ocrx_word' id='word_1_89' title='bbox 489 1874 676 1922; x_wconf 79' lang='lat' dir='ltr'><strong>decreta</strong></span> <span class='ocrx_word' id='word_1_90' title='bbox 694 1887 757 1921; x_wconf 89' lang='lat' dir='ltr'><strong>an</strong></span> <span class='ocrx_word' id='word_1_91' title='bbox 773 1875 1088 1923; x_wconf 62' lang='lat' dir='ltr'><strong>decernuntur</strong></span> <span class='ocrx_word' id='word_1_92' title='bbox 1104 1873 1362 1925; x_wconf 76' lang='lat' dir='ltr'><strong>aboleam·</strong></span> 
     </span>
     <span class='ocr_line' id='line_1_20' title="bbox 281 1947 1363 2012; baseline 0.004 -16"><span class='ocrx_word' id='word_1_93' title='bbox 281 1960 462 2012; x_wconf 80' lang='lat' dir='ltr'><strong>neque</strong></span> <span class='ocrx_word' id='word_1_94' title='bbox 486 1947 622 1997; x_wconf 88' lang='lat' dir='ltr'><strong>enim</strong></span> <span class='ocrx_word' id='word_1_95' title='bbox 643 1949 808 1998; x_wconf 86' lang='lat' dir='ltr'><strong>minus</strong></span> <span class='ocrx_word' id='word_1_96' title='bbox 829 1949 997 2001; x_wconf 67' lang='lat' dir='ltr'><strong>bellet</strong></span> <span class='ocrx_word' id='word_1_97' title='bbox 1035 1951 1154 1999; x_wconf 77' lang='lat' dir='ltr'><strong>Tum</strong></span> <span class='ocrx_word' id='word_1_98' title='bbox 1174 1953 1295 2000; x_wconf 78' lang='lat' dir='ltr'><strong>dmm</strong></span> <span class='ocrx_word' id='word_1_99' title='bbox 1317 1956 1363 2000; x_wconf 78' lang='lat' dir='ltr'><strong>et</strong></span> 
     </span>
     <span class='ocr_line' id='line_1_21' title="bbox 282 2025 1297 2087; baseline 0.006 -14"><span class='ocrx_word' id='word_1_100' title='bbox 282 2028 458 2087; x_wconf 76' lang='lat' dir='ltr'><strong>grates</strong></span> <span class='ocrx_word' id='word_1_101' title='bbox 478 2025 602 2074; x_wconf 82' lang='lat' dir='ltr'><strong>Deis</strong></span> <span class='ocrx_word' id='word_1_102' title='bbox 620 2028 951 2077; x_wconf 78' lang='lat' dir='ltr'><strong>decernuntur.</strong></span> <span class='ocrx_word' id='word_1_103' title='bbox 989 2028 1297 2080; x_wconf 79' lang='lat' dir='ltr'><strong>Gronovius.</strong></span> 
     </span>
     <span class='ocr_line' id='line_1_22' title="bbox 356 2100 1364 2170; baseline 0.007 -21"><span class='ocrx_word' id='word_1_104' title='bbox 356 2100 421 2150; x_wconf 81' lang='lat' dir='ltr'><strong>In</strong></span> <span class='ocrx_word' id='word_1_105' title='bbox 457 2116 662 2165; x_wconf 80' lang='lat' dir='ltr'><strong>proesens</strong></span> <span class='ocrx_word' id='word_1_106' title='bbox 698 2103 826 2152; x_wconf 75' lang='lat' dir='ltr'><strong>hund</strong></span> <span class='ocrx_word' id='word_1_107' title='bbox 857 2104 1232 2155; x_wconf 76' lang='lat' dir='ltr'><strong>animadversum</strong></span> <span class='ocrx_word' id='word_1_108' title='bbox 1270 2106 1364 2170; x_wconf 77' lang='lat' dir='ltr'><strong>est]</strong></span> 
     </span>
     <span class='ocr_line' id='line_1_23' title="bbox 283 2177 1366 2245; baseline 0.003 -17"><span class='ocrx_word' id='word_1_109' title='bbox 283 2177 488 2228; x_wconf 85' lang='lat' dir='ltr'><strong>Sensus</strong></span> <span class='ocrx_word' id='word_1_110' title='bbox 518 2186 618 2242; x_wconf 87' lang='lat' dir='ltr'><strong>est,</strong></span> <span class='ocrx_word' id='word_1_111' title='bbox 661 2180 780 2230; x_wconf 89' lang='lat' dir='ltr'><strong>Huc</strong></span> <span class='ocrx_word' id='word_1_112' title='bbox 817 2196 982 2245; x_wconf 86' lang='lat' dir='ltr'><strong>usque</strong></span> <span class='ocrx_word' id='word_1_113' title='bbox 1019 2182 1227 2232; x_wconf 88' lang='lat' dir='ltr'><strong>minime</strong></span> <span class='ocrx_word' id='word_1_114' title='bbox 1261 2183 1366 2232; x_wconf 88' lang='lat' dir='ltr'><strong>ani-</strong></span> 
     </span>
     <span class='ocr_line' id='line_1_24' title="bbox 284 2253 1363 2325; baseline 0.006 -22"><span class='ocrx_word' id='word_1_115' title='bbox 284 2253 619 2305; x_wconf 85' lang='lat' dir='ltr'><strong>madversum</strong></span> <span class='ocrx_word' id='word_1_116' title='bbox 655 2254 754 2306; x_wconf 83' lang='lat' dir='ltr'><strong>fuit</strong></span> <span class='ocrx_word' id='word_1_117' title='bbox 778 2258 842 2306; x_wconf 87' lang='lat' dir='ltr'><strong>ad</strong></span> <span class='ocrx_word' id='word_1_118' title='bbox 882 2258 1185 2322; x_wconf 83' lang='lat' dir='ltr'><strong>auspicium,</strong></span> <span class='ocrx_word' id='word_1_119' title='bbox 1220 2268 1363 2325; x_wconf 88' lang='lat' dir='ltr'><strong>post-</strong></span> 
     </span>
     <span class='ocr_line' id='line_1_25' title="bbox 286 2333 1361 2396; baseline 0.007 -16"><span class='ocrx_word' id='word_1_120' title='bbox 286 2345 447 2396; x_wconf 81' lang='lat' dir='ltr'><strong>quam</strong></span> <span class='ocrx_word' id='word_1_121' title='bbox 488 2346 629 2381; x_wconf 86' lang='lat' dir='ltr'><strong>arma</strong></span> <span class='ocrx_word' id='word_1_122' title='bbox 649 2333 820 2383; x_wconf 82' lang='lat' dir='ltr'><strong>Julius</strong></span> <span class='ocrx_word' id='word_1_123' title='bbox 845 2334 1053 2383; x_wconf 81' lang='lat' dir='ltr'><strong>Vindex</strong></span> <span class='ocrx_word' id='word_1_124' title='bbox 1090 2343 1361 2387; x_wconf 83' lang='lat' dir='ltr'><strong>moverat:</strong></span> 
     </span>
     <span class='ocr_line' id='line_1_26' title="bbox 284 2407 1362 2473; baseline 0.003 -15"><span class='ocrx_word' id='word_1_125' title='bbox 284 2408 501 2458; x_wconf 82' lang='lat' dir='ltr'><strong>tametsi</strong></span> <span class='ocrx_word' id='word_1_126' title='bbox 546 2409 855 2473; x_wconf 83' lang='lat' dir='ltr'><strong>praesagium</strong></span> <span class='ocrx_word' id='word_1_127' title='bbox 904 2407 1093 2460; x_wconf 83' lang='lat' dir='ltr'><strong>futurae</strong></span> <span class='ocrx_word' id='word_1_128' title='bbox 1149 2413 1362 2463; x_wconf 86' lang='lat' dir='ltr'><strong>ultionis</strong></span> 
     </span>
     <span class='ocr_line' id='line_1_27' title="bbox 286 2484 1365 2553; baseline 0.004 -18"><span class='ocrx_word' id='word_1_129' title='bbox 286 2484 615 2535; x_wconf 78' lang='lat' dir='ltr'><strong>trahebatur.</strong></span> <span class='ocrx_word' id='word_1_130' title='bbox 683 2484 757 2534; x_wconf 84' lang='lat' dir='ltr'><strong>At</strong></span> <span class='ocrx_word' id='word_1_131' title='bbox 802 2486 1003 2535; x_wconf 87' lang='lat' dir='ltr'><strong>mireris</strong></span> <span class='ocrx_word' id='word_1_132' title='bbox 1045 2487 1365 2553; x_wconf 87' lang='lat' dir='ltr'><strong>Cornelium,</strong></span> 
     </span>
     <span class='ocr_line' id='line_1_28' title="bbox 283 2560 1362 2626; baseline 0.006 -17"><span class='ocrx_word' id='word_1_133' title='bbox 283 2560 381 2626; x_wconf 86' lang='lat' dir='ltr'><strong>qui</strong></span> <span class='ocrx_word' id='word_1_134' title='bbox 426 2561 714 2612; x_wconf 85' lang='lat' dir='ltr'><strong>Galliarum</strong></span> <span class='ocrx_word' id='word_1_135' title='bbox 759 2560 1114 2613; x_wconf 87' lang='lat' dir='ltr'><strong>defectionem</strong></span> <span class='ocrx_word' id='word_1_136' title='bbox 1160 2563 1362 2615; x_wconf 87' lang='lat' dir='ltr'><strong>referre</strong></span> 
     </span>
     <span class='ocr_line' id='line_1_29' title="bbox 282 2632 1362 2704; baseline 0.007 -18"><span class='ocrx_word' id='word_1_137' title='bbox 282 2637 379 2686; x_wconf 73' lang='lat' dir='ltr'><strong>lib:</strong></span> <span class='ocrx_word' id='word_1_138' title='bbox 405 2650 523 2688; x_wconf 72' lang='lat' dir='ltr'><strong>nv-</strong></span> <span class='ocrx_word' id='word_1_139' title='bbox 563 2639 756 2687; x_wconf 88' lang='lat' dir='ltr'><strong>oblitus</strong></span> <span class='ocrx_word' id='word_1_140' title='bbox 798 2640 887 2702; x_wconf 90' lang='lat' dir='ltr'><strong>sit,</strong></span> <span class='ocrx_word' id='word_1_141' title='bbox 927 2641 989 2690; x_wconf 88' lang='lat' dir='ltr'><strong>C.</strong></span> <span class='ocrx_word' id='word_1_142' title='bbox 1014 2632 1266 2704; x_wconf 83' lang='lat' dir='ltr'><strong>Vipsauio</strong></span> <span class='ocrx_word' id='word_1_143' title='bbox 1306 2650 1362 2694; x_wconf 92' lang='lat' dir='ltr'><strong>et</strong></span> 
     </span>
     <span class='ocr_line' id='line_1_30' title="bbox 282 2712 1360 2780; baseline 0.006 -18"><span class='ocrx_word' id='word_1_144' title='bbox 282 2712 515 2764; x_wconf 86' lang='lat' dir='ltr'><strong>Fonteio</strong></span> <span class='ocrx_word' id='word_1_145' title='bbox 539 2715 680 2764; x_wconf 88' lang='lat' dir='ltr'><strong>Coss.</strong></span> <span class='ocrx_word' id='word_1_146' title='bbox 718 2719 733 2744; x_wconf 90' lang='lat'>‘</span> <span class='ocrx_word' id='word_1_147' title='bbox 756 2716 834 2764; x_wconf 89' lang='lat' dir='ltr'><strong>Eo</strong></span> <span class='ocrx_word' id='word_1_148' title='bbox 869 2730 1004 2766; x_wconf 89' lang='lat' dir='ltr'><strong>auno</strong></span> <span class='ocrx_word' id='word_1_149' title='bbox 1029 2717 1258 2780; x_wconf 86' lang='lat' dir='ltr'><strong>Neapoli</strong></span> <span class='ocrx_word' id='word_1_150' title='bbox 1292 2719 1360 2769; x_wconf 88' lang='lat' dir='ltr'><strong>de</strong></span> 
     </span>
     <span class='ocr_line' id='line_1_31' title="bbox 282 2782 1360 2860; baseline 0.006 -19"><span class='ocrx_word' id='word_1_151' title='bbox 282 2798 436 2841; x_wconf 79' lang='lat' dir='ltr'><strong>motu</strong></span> <span class='ocrx_word' id='word_1_152' title='bbox 454 2784 737 2842; x_wconf 79' lang='lat' dir='ltr'><strong>Galliarum</strong></span> <span class='ocrx_word' id='word_1_153' title='bbox 757 2795 1002 2857; x_wconf 82' lang='lat' dir='ltr'><strong>coguovit</strong></span> <span class='ocrx_word' id='word_1_154' title='bbox 1018 2782 1360 2860; x_wconf 39' lang='lat' dir='ltr'><strong>[Nero],‘ipso</strong></span> 
     </span>
     <span class='ocr_line' id='line_1_32' title="bbox 282 2867 1362 2936; baseline 0.004 -18"><span class='ocrx_word' id='word_1_155' title='bbox 282 2867 400 2930; x_wconf 84' lang='lat' dir='ltr'><strong>die,</strong></span> <span class='ocrx_word' id='word_1_156' title='bbox 417 2882 519 2933; x_wconf 90' lang='lat' dir='ltr'><strong>quo</strong></span> <span class='ocrx_word' id='word_1_157' title='bbox 537 2875 751 2918; x_wconf 88' lang='lat' dir='ltr'><strong>matrem</strong></span> <span class='ocrx_word' id='word_1_158' title='bbox 767 2870 1058 2931; x_wconf 72' lang='lat' dir='ltr'><strong>occiderat5</strong></span> <span class='ocrx_word' id='word_1_159' title='bbox 1094 2870 1362 2936; x_wconf 86' lang='lat' dir='ltr'><strong>[deficien-</strong></span> 
     </span>
     <span class='ocr_line' id='line_1_33' title="bbox 279 2938 1359 3014; baseline 0.005 -18"><span class='ocrx_word' id='word_1_160' title='bbox 279 2946 444 3009; x_wconf 77' lang='lat' dir='ltr'><strong>tium]</strong></span> <span class='ocrx_word' id='word_1_161' title='bbox 488 2947 620 2997; x_wconf 86' lang='lat' dir='ltr'><strong>duce</strong></span> <span class='ocrx_word' id='word_1_162' title='bbox 660 2938 814 3005; x_wconf 58' lang='lat' dir='ltr'><strong>Julio‘:</strong></span> <span class='ocrx_word' id='word_1_163' title='bbox 836 2949 1078 3014; x_wconf 87' lang='lat' dir='ltr'><strong>Vindice,</strong></span> <span class='ocrx_word' id='word_1_164' title='bbox 1122 2951 1224 3014; x_wconf 81' lang='lat' dir='ltr'><strong>qui,</strong></span> <span class='ocrx_word' id='word_1_165' title='bbox 1250 2958 1359 3001; x_wconf 90' lang='lat' dir='ltr'><strong>tum</strong></span> 
     </span>
     <span class='ocr_line' id='line_1_34' title="bbox 282 3023 1360 3091; baseline 0.005 -17"><span class='ocrx_word' id='word_1_166' title='bbox 282 3023 568 3088; x_wconf 83' lang='lat' dir='ltr'><strong>[Galliam]</strong></span> <span class='ocrx_word' id='word_1_167' title='bbox 611 3026 928 3089; x_wconf 85' lang='lat' dir='ltr'><strong>provinciam</strong></span> <span class='ocrx_word' id='word_1_168' title='bbox 988 3042 1083 3091; x_wconf 88' lang='lat' dir='ltr'><strong>pro</strong></span> <span class='ocrx_word' id='word_1_169' title='bbox 1123 3028 1360 3079; x_wconf 82' lang='lat' dir='ltr'><strong>Praetore</strong></span> 
     </span>
     <span class='ocr_line' id='line_1_35' title="bbox 282 3100 1359 3164; baseline 0.005 -14"><span class='ocrx_word' id='word_1_170' title='bbox 282 3100 600 3164; x_wconf 80' lang='lat' dir='ltr'><strong>obtinebat,&#39;</strong></span> <span class='ocrx_word' id='word_1_171' title='bbox 644 3109 704 3152; x_wconf 92' lang='lat' dir='ltr'><strong>ut</strong></span> <span class='ocrx_word' id='word_1_172' title='bbox 740 3103 814 3152; x_wconf 89' lang='lat' dir='ltr'><strong>ait</strong></span> <span class='ocrx_word' id='word_1_173' title='bbox 851 3105 1143 3155; x_wconf 83' lang='lat' dir='ltr'><strong>Suetonius.</strong></span> <span class='ocrx_word' id='word_1_174' title='bbox 1212 3106 1359 3156; x_wconf 88' lang='lat' dir='ltr'><strong>Illius</strong></span> 
     </span>
     <span class='ocr_line' id='line_1_36' title="bbox 282 3177 1358 3231; baseline 0.005 -6"><span class='ocrx_word' id='word_1_175' title='bbox 282 3181 466 3225; x_wconf 85' lang='lat' dir='ltr'><strong>antem</strong></span> <span class='ocrx_word' id='word_1_176' title='bbox 508 3177 695 3226; x_wconf 87' lang='lat' dir='ltr'><strong>edictis</strong></span> <span class='ocrx_word' id='word_1_177' title='bbox 733 3180 1119 3229; x_wconf 80' lang='lat' dir='ltr'><strong>contumeliosis</strong></span> <span class='ocrx_word' id='word_1_178' title='bbox 1163 3187 1218 3231; x_wconf 91' lang='lat' dir='ltr'><strong>et</strong></span> <span class='ocrx_word' id='word_1_179' title='bbox 1256 3178 1358 3230; x_wconf 66' lang='lat' dir='ltr'><strong>fre*-</strong></span> 
     </span>
     <span class='ocr_line' id='line_1_37' title="bbox 281 3254 1357 3320; baseline 0.007 -18"><span class='ocrx_word' id='word_1_180' title='bbox 281 3254 566 3320; x_wconf 84' lang='lat' dir='ltr'><strong>quentibus</strong></span> <span class='ocrx_word' id='word_1_181' title='bbox 604 3264 869 3318; x_wconf 86' lang='lat' dir='ltr'><strong>permotus</strong></span> <span class='ocrx_word' id='word_1_182' title='bbox 910 3257 1074 3320; x_wconf 85' lang='lat' dir='ltr'><strong>Nero,</strong></span> <span class='ocrx_word' id='word_1_183' title='bbox 1110 3259 1357 3309; x_wconf 86' lang='lat' dir='ltr'><strong>Senatum</strong></span> 
     </span>
     <span class='ocr_line' id='line_1_38' title="bbox 281 3330 1359 3399; baseline 0.005 -19"><span class='ocrx_word' id='word_1_184' title='bbox 281 3330 586 3394; x_wconf 78' lang='lat' dir='ltr'><strong>epistolam</strong></span> <span class='ocrx_word' id='word_1_185' title='bbox 626 3331 875 3381; x_wconf 85' lang='lat' dir='ltr'><strong>ultionem</strong></span> <span class='ocrx_word' id='word_1_186' title='bbox 913 3334 994 3383; x_wconf 88' lang='lat' dir='ltr'><strong>sui</strong></span> <span class='ocrx_word' id='word_1_187' title='bbox 1031 3335 1209 3399; x_wconf 88' lang='lat' dir='ltr'><strong>reique</strong></span> <span class='ocrx_word' id='word_1_188' title='bbox 1232 3336 1359 3398; x_wconf 88' lang='lat' dir='ltr'><strong>pub-</strong></span> 
     </span>
     <span class='ocr_line' id='line_1_39' title="bbox 281 3407 1358 3476; baseline 0.006 -21"><span class='ocrx_word' id='word_1_189' title='bbox 281 3407 405 3457; x_wconf 79' lang='lat' dir='ltr'><strong>licae</strong></span> <span class='ocrx_word' id='word_1_190' title='bbox 417 3407 724 3458; x_wconf 76' lang='lat' dir='ltr'><strong>adhortatus</strong></span> <span class='ocrx_word' id='word_1_191' title='bbox 734 3417 1093 3471; x_wconf 84' lang='lat' dir='ltr'><strong>est,excusato</strong></span> <span class='ocrx_word' id='word_1_192' title='bbox 1107 3412 1358 3476; x_wconf 80' lang='lat' dir='ltr'><strong>languore</strong></span> 
     </span>
     <span class='ocr_line' id='line_1_40' title="bbox 280 3472 1358 3549; baseline 0.005 -16"><span class='ocrx_word' id='word_1_193' title='bbox 280 3472 534 3547; x_wconf 81' lang='lat' dir='ltr'><strong>faucium,</strong></span> <span class='ocrx_word' id='word_1_194' title='bbox 569 3492 786 3549; x_wconf 79' lang='lat' dir='ltr'><strong>propter</strong></span> <span class='ocrx_word' id='word_1_195' title='bbox 808 3500 960 3549; x_wconf 89' lang='lat' dir='ltr'><strong>quem</strong></span> <span class='ocrx_word' id='word_1_196' title='bbox 998 3501 1098 3537; x_wconf 90' lang='lat' dir='ltr'><strong>non</strong></span> <span class='ocrx_word' id='word_1_197' title='bbox 1133 3488 1358 3540; x_wconf 87' lang='lat' dir='ltr'><strong>adesset.</strong></span> 
     </span>
     <span class='ocr_line' id='line_1_41' title="bbox 282 3560 1356 3626; baseline 0.005 -16"><span class='ocrx_word' id='word_1_198' title='bbox 282 3560 420 3610; x_wconf 86' lang='lat' dir='ltr'><strong>Eam</strong></span> <span class='ocrx_word' id='word_1_199' title='bbox 445 3562 832 3611; x_wconf 81' lang='lat' dir='ltr'><strong>excusationem</strong></span> <span class='ocrx_word' id='word_1_200' title='bbox 863 3563 973 3611; x_wconf 89' lang='lat' dir='ltr'><strong>sive</strong></span> <span class='ocrx_word' id='word_1_201' title='bbox 1005 3565 1214 3626; x_wconf 87' lang='lat' dir='ltr'><strong>aceepit</strong></span> <span class='ocrx_word' id='word_1_202' title='bbox 1246 3565 1356 3615; x_wconf 85' lang='lat' dir='ltr'><strong>sive</strong></span> 
     </span>
     <span class='ocr_line' id='line_1_42' title="bbox 277 3637 1358 3700; baseline 0.003 -13"><span class='ocrx_word' id='word_1_203' title='bbox 277 3650 391 3687; x_wconf 79' lang='lat' dir='ltr'><strong>non</strong></span> <span class='ocrx_word' id='word_1_204' title='bbox 432 3637 676 3700; x_wconf 83' lang='lat' dir='ltr'><strong>probavit</strong></span> <span class='ocrx_word' id='word_1_205' title='bbox 715 3640 951 3688; x_wconf 88' lang='lat' dir='ltr'><strong>Senatus.</strong></span> <span class='ocrx_word' id='word_1_206' title='bbox 1020 3639 1153 3689; x_wconf 90' lang='lat' dir='ltr'><strong>Inde</strong></span> <span class='ocrx_word' id='word_1_207' title='bbox 1192 3641 1358 3691; x_wconf 89' lang='lat' dir='ltr'><strong>Nero·</strong></span> 
     </span>
     <span class='ocr_line' id='line_1_43' title="bbox 279 3714 1360 3783; baseline 0.004 -20"><span class='ocrx_word' id='word_1_208' title='bbox 279 3727 408 3769; x_wconf 77' lang='lat' dir='ltr'><strong>nem</strong></span> <span class='ocrx_word' id='word_1_209' title='bbox 429 3714 587 3763; x_wconf 87' lang='lat' dir='ltr'><strong>timor</strong></span> <span class='ocrx_word' id='word_1_210' title='bbox 612 3715 730 3764; x_wconf 81' lang='lat' dir='ltr'><strong>mali</strong></span> <span class='ocrx_word' id='word_1_211' title='bbox 755 3716 936 3765; x_wconf 89' lang='lat' dir='ltr'><strong>ominis</strong></span> <span class='ocrx_word' id='word_1_212' title='bbox 971 3716 1180 3781; x_wconf 79' lang='lat' dir='ltr'><strong>incutit,</strong></span> <span class='ocrx_word' id='word_1_213' title='bbox 1212 3724 1360 3783; x_wconf 88' lang='lat' dir='ltr'><strong>puta,</strong></span> 
     </span>
     <span class='ocr_line' id='line_1_44' title="bbox 282 3790 1356 3855; baseline 0.002 -16"><span class='ocrx_word' id='word_1_214' title='bbox 282 3804 445 3854; x_wconf 77' lang='lat' dir='ltr'><strong>quum</strong></span> <span class='ocrx_word' id='word_1_215' title='bbox 471 3805 665 3854; x_wconf 81' lang='lat' dir='ltr'><strong>organa</strong></span> <span class='ocrx_word' id='word_1_216' title='bbox 699 3790 1001 3854; x_wconf 82' lang='lat' dir='ltr'><strong>hydraulica</strong></span> <span class='ocrx_word' id='word_1_217' title='bbox 1036 3807 1092 3841; x_wconf 86' lang='lat' dir='ltr'><strong>se</strong></span> <span class='ocrx_word' id='word_1_218' title='bbox 1131 3794 1356 3855; x_wconf 89' lang='lat' dir='ltr'><strong>prolatu-</strong></span> 
     </span>
     <span class='ocr_line' id='line_1_45' title="bbox 281 3865 1356 3930; baseline 0.004 -16"><span class='ocrx_word' id='word_1_219' title='bbox 281 3880 402 3921; x_wconf 73' lang='lat' dir='ltr'><strong>tum</strong></span> <span class='ocrx_word' id='word_1_220' title='bbox 425 3869 598 3914; x_wconf 83' lang='lat' dir='ltr'><strong>omnia</strong></span> <span class='ocrx_word' id='word_1_221' title='bbox 631 3866 683 3914; x_wconf 88' lang='lat' dir='ltr'><strong>iu</strong></span> <span class='ocrx_word' id='word_1_222' title='bbox 707 3867 964 3916; x_wconf 79' lang='lat' dir='ltr'><strong>theatrum</strong></span> <span class='ocrx_word' id='word_1_223' title='bbox 990 3865 1289 3930; x_wconf 81' lang='lat' dir='ltr'><strong>affirmavit,</strong></span> <span class='ocrx_word' id='word_1_224' title='bbox 1314 3870 1356 3918; x_wconf 86' lang='lat' dir='ltr'><strong>si</strong></span> 
     </span>
     <span class='ocr_line' id='line_1_46' title="bbox 281 3942 1357 4006; baseline 0.005 -17"><span class='ocrx_word' id='word_1_225' title='bbox 281 3956 382 4006; x_wconf 77' lang='lat' dir='ltr'><strong>per</strong></span> <span class='ocrx_word' id='word_1_226' title='bbox 402 3942 678 3993; x_wconf 84' lang='lat' dir='ltr'><strong>Vindicem</strong></span> <span class='ocrx_word' id='word_1_227' title='bbox 702 3942 907 4003; x_wconf 87' lang='lat' dir='ltr'><strong>liceret,</strong></span> <span class='ocrx_word' id='word_1_228' title='bbox 929 3943 1010 3991; x_wconf 88' lang='lat' dir='ltr'><strong>vel</strong></span> <span class='ocrx_word' id='word_1_229' title='bbox 1035 3958 1153 3993; x_wconf 91' lang='lat' dir='ltr'><strong>cum</strong></span> <span class='ocrx_word' id='word_1_230' title='bbox 1191 3945 1357 3994; x_wconf 87' lang='lat' dir='ltr'><strong>nocti·</strong></span> 
     </span>
     <span class='ocr_line' id='line_1_47' title="bbox 280 4015 1356 4082; baseline 0.003 -15"><span class='ocrx_word' id='word_1_231' title='bbox 280 4016 386 4081; x_wconf 75' lang='lat' dir='ltr'><strong>bus</strong></span> <span class='ocrx_word' id='word_1_232' title='bbox 407 4015 643 4082; x_wconf 62' lang='lat' dir='ltr'><strong>plerique</strong></span> <span class='ocrx_word' id='word_1_233' title='bbox 670 4019 850 4081; x_wconf 80' lang='lat' dir='ltr'><strong>jurgia</strong></span> <span class='ocrx_word' id='word_1_234' title='bbox 871 4033 989 4069; x_wconf 85' lang='lat' dir='ltr'><strong>cum</strong></span> <span class='ocrx_word' id='word_1_235' title='bbox 1011 4020 1172 4069; x_wconf 87' lang='lat' dir='ltr'><strong>servis</strong></span> <span class='ocrx_word' id='word_1_236' title='bbox 1205 4021 1356 4070; x_wconf 91' lang='lat' dir='ltr'><strong>simu·</strong></span> 
     </span>
     <span class='ocr_line' id='line_1_48' title="bbox 281 4094 1354 4160; baseline 0.004 -16"><span class='ocrx_word' id='word_1_237' title='bbox 281 4094 477 4158; x_wconf 84' lang='lat' dir='ltr'><strong>lantes,</strong></span> <span class='ocrx_word' id='word_1_238' title='bbox 514 4097 698 4144; x_wconf 88' lang='lat' dir='ltr'><strong>crebro</strong></span> <span class='ocrx_word' id='word_1_239' title='bbox 740 4095 1012 4144; x_wconf 86' lang='lat' dir='ltr'><strong>Vindicem</strong></span> <span class='ocrx_word' id='word_1_240' title='bbox 1053 4097 1354 4160; x_wconf 85' lang='lat' dir='ltr'><strong>poscebant.</strong></span> 
     </span>
     <span class='ocr_line' id='line_1_49' title="bbox 281 4172 1354 4245; baseline 0.003 -24"><span class='ocrx_word' id='word_1_241' title='bbox 281 4172 528 4245; x_wconf 67' lang='lat' dir='ltr'><strong>Illndqne</strong></span> <span class='ocrx_word' id='word_1_242' title='bbox 559 4174 660 4222; x_wconf 84' lang='lat' dir='ltr'><strong>diri</strong></span> <span class='ocrx_word' id='word_1_243' title='bbox 688 4181 881 4237; x_wconf 72' lang='lat' dir='ltr'><strong>praeter</strong></span> <span class='ocrx_word' id='word_1_244' title='bbox 904 4178 1099 4222; x_wconf 76' lang='lat' dir='ltr'><strong>caetera</strong></span> <span class='ocrx_word' id='word_1_245' title='bbox 1120 4172 1221 4224; x_wconf 85' lang='lat' dir='ltr'><strong>fuit</strong></span> <span class='ocrx_word' id='word_1_246' title='bbox 1242 4182 1354 4224; x_wconf 77' lang='lat' dir='ltr'><strong>aus·</strong></span> 
     </span>
     <span class='ocr_line' id='line_1_50' title="bbox 231 4248 1358 4317; baseline 0.004 -18"><span class='ocrx_word' id='word_1_247' title='bbox 231 4282 242 4289; x_wconf 82' lang='lat'><em>-</em></span> <span class='ocrx_word' id='word_1_248' title='bbox 281 4248 431 4313; x_wconf 73' lang='lat' dir='ltr'><strong>picii,</strong></span> <span class='ocrx_word' id='word_1_249' title='bbox 451 4249 592 4314; x_wconf 86' lang='lat' dir='ltr'><strong>quod</strong></span> <span class='ocrx_word' id='word_1_250' title='bbox 615 4265 682 4298; x_wconf 82' lang='lat' dir='ltr'><strong>ex</strong></span> <span class='ocrx_word' id='word_1_251' title='bbox 699 4251 932 4311; x_wconf 70' lang='lat' dir='ltr'><strong>,Neronis</strong></span> <span class='ocrx_word' id='word_1_252' title='bbox 957 4251 1212 4317; x_wconf 85' lang='lat' dir='ltr'><strong>oratione,</strong></span> <span class='ocrx_word' id='word_1_253' title='bbox 1251 4267 1358 4317; x_wconf 72' lang='lat' dir='ltr'><strong>,qua</strong></span> 
     </span>
     <span class='ocr_line' id='line_1_51' title="bbox 280 4323 1357 4392; baseline 0.007 -18"><span class='ocrx_word' id='word_1_254' title='bbox 280 4323 345 4376; x_wconf 82' lang='lat' dir='ltr'><strong>in</strong></span> <span class='ocrx_word' id='word_1_255' title='bbox 376 4325 653 4378; x_wconf 82' lang='lat' dir='ltr'><strong>Vindicem</strong></span> <span class='ocrx_word' id='word_1_256' title='bbox 695 4326 1000 4392; x_wconf 70' lang='lat' dir='ltr'><strong>perorabat,</strong></span> <span class='ocrx_word' id='word_1_257' title='bbox 1040 4329 1357 4382; x_wconf 82' lang='lat' dir='ltr'><strong>recitaretur</strong></span> 
     </span>
    </p>
   </div>
   <div class='ocr_carea' id='block_1_4' title="bbox 2336 407 2514 475">
    <p class='ocr_par' dir='ltr' id='par_1_4' title="bbox 2336 407 2514 475">
     <span class='ocr_line' id='line_1_52' title="bbox 2336 407 2514 475; baseline 0.011 -2"><span class='ocrx_word' id='word_1_258' title='bbox 2336 407 2514 475; x_wconf 69' lang='lat'><strong>410⁷</strong></span> 
     </span>
    </p>
   </div>
   <div class='ocr_carea' id='block_1_5' title="bbox 1444 567 2519 1167">
    <p class='ocr_par' dir='ltr' id='par_1_5' title="bbox 1444 567 2519 1167">
     <span class='ocr_line' id='line_1_53' title="bbox 1450 567 2514 631; baseline 0.003 -16"><span class='ocrx_word' id='word_1_259' title='bbox 1450 567 1502 616; x_wconf 89' lang='lat' dir='ltr'><strong>in</strong></span> <span class='ocrx_word' id='word_1_260' title='bbox 1525 567 1743 630; x_wconf 87' lang='lat' dir='ltr'><strong>Senatu,</strong></span> <span class='ocrx_word' id='word_1_261' title='bbox 1762 567 1976 619; x_wconf 86' lang='lat' dir='ltr'><strong>daturos</strong></span> <span class='ocrx_word' id='word_1_262' title='bbox 1995 576 2170 631; x_wconf 52' lang='lat' dir='ltr'><strong>pesnas</strong></span> <span class='ocrx_word' id='word_1_263' title='bbox 2206 567 2514 631; x_wconf 75' lang='lat' dir='ltr'><strong>sceleratos,</strong></span> 
     </span>
     <span class='ocr_line' id='line_1_54' title="bbox 1450 643 2519 708; baseline 0 -15"><span class='ocrx_word' id='word_1_264' title='bbox 1450 657 1512 694; x_wconf 84' lang='lat' dir='ltr'><strong>ac</strong></span> <span class='ocrx_word' id='word_1_265' title='bbox 1529 643 1675 694; x_wconf 83' lang='lat' dir='ltr'><strong>brevi</strong></span> <span class='ocrx_word' id='word_1_266' title='bbox 1691 644 1898 708; x_wconf 83' lang='lat' dir='ltr'><strong>dignum</strong></span> <span class='ocrx_word' id='word_1_267' title='bbox 1911 645 2108 694; x_wconf 81' lang='lat' dir='ltr'><strong>exitum</strong></span> <span class='ocrx_word' id='word_1_268' title='bbox 2127 644 2377 706; x_wconf 76' lang='lat' dir='ltr'><strong>facturos,</strong></span> <span class='ocrx_word' id='word_1_269' title='bbox 2394 658 2519 694; x_wconf 80' lang='lat' dir='ltr'><strong>cou-</strong></span> 
     </span>
     <span class='ocr_line' id='line_1_55' title="bbox 1447 719 2514 783; baseline 0 -13"><span class='ocrx_word' id='word_1_270' title='bbox 1447 722 1721 771; x_wconf 69' lang='lat' dir='ltr'><strong>claritatum</strong></span> <span class='ocrx_word' id='word_1_271' title='bbox 1746 728 1824 772; x_wconf 82' lang='lat' dir='ltr'><strong>est</strong></span> <span class='ocrx_word' id='word_1_272' title='bbox 1847 721 1913 772; x_wconf 88' lang='lat' dir='ltr'><strong>ab</strong></span> <span class='ocrx_word' id='word_1_273' title='bbox 1954 721 2224 783; x_wconf 84' lang='lat' dir='ltr'><strong>universis,</strong></span> <span class='ocrx_word' id='word_1_274' title='bbox 2262 721 2334 770; x_wconf 79' lang='lat' dir='ltr'><strong>Tu</strong></span> <span class='ocrx_word' id='word_1_275' title='bbox 2355 719 2514 781; x_wconf 77' lang='lat' dir='ltr'><strong>facies</strong></span> 
     </span>
     <span class='ocr_line' id='line_1_56' title="bbox 1448 797 2514 862; baseline 0 -15"><span class='ocrx_word' id='word_1_276' title='bbox 1448 799 1687 860; x_wconf 73' lang='lat' dir='ltr'><strong>Auguste.</strong></span> <span class='ocrx_word' id='word_1_277' title='bbox 1732 799 1835 849; x_wconf 85' lang='lat' dir='ltr'><strong>Sed</strong></span> <span class='ocrx_word' id='word_1_278' title='bbox 1860 798 2142 862; x_wconf 85' lang='lat' dir='ltr'><strong>auspicium</strong></span> <span class='ocrx_word' id='word_1_279' title='bbox 2166 797 2294 848; x_wconf 88' lang='lat' dir='ltr'><strong>illud</strong></span> <span class='ocrx_word' id='word_1_280' title='bbox 2319 797 2514 847; x_wconf 76' lang='lat' dir='ltr'><strong>animoa</strong></span> 
     </span>
     <span class='ocr_line' id='line_1_57' title="bbox 1446 873 2513 940; baseline -0.002 -16"><span class='ocrx_word' id='word_1_281' title='bbox 1446 890 1552 925; x_wconf 90' lang='lat' dir='ltr'><strong>non</strong></span> <span class='ocrx_word' id='word_1_282' title='bbox 1572 877 1932 940; x_wconf 79' lang='lat' dir='ltr'><strong>adverterunt,</strong></span> <span class='ocrx_word' id='word_1_283' title='bbox 1963 882 2020 925; x_wconf 88' lang='lat' dir='ltr'><strong>et</strong></span> <span class='ocrx_word' id='word_1_284' title='bbox 2044 882 2216 926; x_wconf 86' lang='lat' dir='ltr'><strong>tamen</strong></span> <span class='ocrx_word' id='word_1_285' title='bbox 2253 873 2269 902; x_wconf 88' lang='lat'>‘</span> <span class='ocrx_word' id='word_1_286' title='bbox 2295 873 2359 922; x_wconf 83' lang='lat' dir='ltr'><strong>ad</strong></span> <span class='ocrx_word' id='word_1_287' title='bbox 2381 887 2513 937; x_wconf 77' lang='lat' dir='ltr'><strong>prae·</strong></span> 
     </span>
     <span class='ocr_line' id='line_1_58' title="bbox 1447 949 2512 1015; baseline -0.001 -15"><span class='ocrx_word' id='word_1_288' title='bbox 1447 952 1648 1015; x_wconf 83' lang='lat' dir='ltr'><strong>sagium</strong></span> <span class='ocrx_word' id='word_1_289' title='bbox 1686 951 1878 1003; x_wconf 83' lang='lat' dir='ltr'><strong>futurae</strong></span> <span class='ocrx_word' id='word_1_290' title='bbox 1919 952 2132 1001; x_wconf 90' lang='lat' dir='ltr'><strong>ultionis</strong></span> <span class='ocrx_word' id='word_1_291' title='bbox 2173 949 2512 1014; x_wconf 85' lang='lat' dir='ltr'><strong>trahebatur,’</strong></span> 
     </span>
     <span class='ocr_line' id='line_1_59' title="bbox 1446 1025 2510 1081; baseline -0.002 -4"><span class='ocrx_word' id='word_1_292' title='bbox 1446 1028 1523 1079; x_wconf 87' lang='lat' dir='ltr'><strong>ait</strong></span> <span class='ocrx_word' id='word_1_293' title='bbox 1541 1030 1771 1080; x_wconf 80' lang='lat' dir='ltr'><strong>Tacitus.</strong></span> <span class='ocrx_word' id='word_1_294' title='bbox 1836 1028 1991 1081; x_wconf 79' lang='lat' dir='ltr'><strong>Quod</strong></span> <span class='ocrx_word' id='word_1_295' title='bbox 2030 1028 2073 1076; x_wconf 90' lang='lat' dir='ltr'><strong>si</strong></span> <span class='ocrx_word' id='word_1_296' title='bbox 2107 1026 2406 1077; x_wconf 89' lang='lat' dir='ltr'><strong>Cornelium</strong></span> <span class='ocrx_word' id='word_1_297' title='bbox 2444 1025 2510 1075; x_wconf 90' lang='lat' dir='ltr'><strong>ad</strong></span> 
     </span>
     <span class='ocr_line' id='line_1_60' title="bbox 1444 1102 2514 1167; baseline -0.004 -13"><span class='ocrx_word' id='word_1_298' title='bbox 1444 1112 1735 1155; x_wconf 81' lang='lat' dir='ltr'><strong>extremum</strong></span> <span class='ocrx_word' id='word_1_299' title='bbox 1760 1104 1881 1154; x_wconf 87' lang='lat' dir='ltr'><strong>libri</strong></span> <span class='ocrx_word' id='word_1_300' title='bbox 1898 1103 2255 1167; x_wconf 87' lang='lat' dir='ltr'><strong>consequentis</strong></span> <span class='ocrx_word' id='word_1_301' title='bbox 2278 1102 2514 1151; x_wconf 84' lang='lat' dir='ltr'><strong>retulisse</strong></span> 
     </span>
    </p>
   </div>
   <div class='ocr_carea' id='block_1_6' title="bbox 1444 1178 2583 1232">
    <p class='ocr_par' dir='ltr' id='par_1_6' title="bbox 1444 1178 2583 1232">
     <span class='ocr_line' id='line_1_61' title="bbox 1444 1178 2583 1232; baseline -0.002 -1"><span class='ocrx_word' id='word_1_302' title='bbox 1444 1182 1506 1231; x_wconf 88' lang='lat' dir='ltr'><strong>C.</strong></span> <span class='ocrx_word' id='word_1_303' title='bbox 1534 1182 1666 1232; x_wconf 84' lang='lat' dir='ltr'><strong>Julii</strong></span> <span class='ocrx_word' id='word_1_304' title='bbox 1707 1181 1945 1231; x_wconf 87' lang='lat' dir='ltr'><strong>Vindicis</strong></span> <span class='ocrx_word' id='word_1_305' title='bbox 1980 1188 2176 1230; x_wconf 86' lang='lat' dir='ltr'><strong>motum</strong></span> <span class='ocrx_word' id='word_1_306' title='bbox 2212 1178 2511 1229; x_wconf 84' lang='lat' dir='ltr'><strong>existimare</strong></span> <span class='ocrx_word' id='word_1_307' title='bbox 2576 1224 2583 1229; x_wconf 84' lang='lat'><strong>.</strong></span> 
     </span>
    </p>
   </div>
   <div class='ocr_carea' id='block_1_7' title="bbox 1431 1255 2512 3701">
    <p class='ocr_par' dir='ltr' id='par_1_7' title="bbox 1438 1255 2512 1845">
     <span class='ocr_line' id='line_1_62' title="bbox 1443 1255 2511 1321; baseline -0.003 -15"><span class='ocrx_word' id='word_1_308' title='bbox 1443 1258 1614 1319; x_wconf 90' lang='lat' dir='ltr'><strong>malis,</strong></span> <span class='ocrx_word' id='word_1_309' title='bbox 1637 1258 1788 1308; x_wconf 89' lang='lat' dir='ltr'><strong>simili</strong></span> <span class='ocrx_word' id='word_1_310' title='bbox 1809 1257 1992 1306; x_wconf 86' lang='lat' dir='ltr'><strong>ordine</strong></span> <span class='ocrx_word' id='word_1_311' title='bbox 2023 1271 2124 1321; x_wconf 91' lang='lat' dir='ltr'><strong>quo</strong></span> <span class='ocrx_word' id='word_1_312' title='bbox 2146 1256 2251 1315; x_wconf 86' lang='lat' dir='ltr'><strong>Dio</strong></span> <span class='ocrx_word' id='word_1_313' title='bbox 2284 1255 2511 1319; x_wconf 77' lang='lat' dir='ltr'><strong>scripsit,</strong></span> 
     </span>
     <span class='ocr_line' id='line_1_63' title="bbox 1443 1332 2510 1398; baseline -0.003 -16"><span class='ocrx_word' id='word_1_314' title='bbox 1443 1346 1541 1396; x_wconf 79' lang='lat' dir='ltr'><strong>ego</strong></span> <span class='ocrx_word' id='word_1_315' title='bbox 1565 1349 1666 1385; x_wconf 88' lang='lat' dir='ltr'><strong>non</strong></span> <span class='ocrx_word' id='word_1_316' title='bbox 1690 1333 1990 1398; x_wconf 85' lang='lat' dir='ltr'><strong>impediam,</strong></span> <span class='ocrx_word' id='word_1_317' title='bbox 2009 1332 2051 1381; x_wconf 90' lang='lat' dir='ltr'><strong>si</strong></span> <span class='ocrx_word' id='word_1_318' title='bbox 2070 1332 2222 1382; x_wconf 89' lang='lat' dir='ltr'><strong>modo</strong></span> <span class='ocrx_word' id='word_1_319' title='bbox 2245 1345 2342 1395; x_wconf 88' lang='lat' dir='ltr'><strong>per</strong></span> <span class='ocrx_word' id='word_1_320' title='bbox 2363 1332 2510 1395; x_wconf 78' lang='lat' dir='ltr'><strong>hujus</strong></span> 
     </span>
     <span class='ocr_line' id='line_1_64' title="bbox 1442 1407 2512 1474; baseline -0.002 -17"><span class='ocrx_word' id='word_1_321' title='bbox 1442 1422 1644 1474; x_wconf 84' lang='lat' dir='ltr'><strong>perque</strong></span> <span class='ocrx_word' id='word_1_322' title='bbox 1662 1409 1948 1474; x_wconf 85' lang='lat' dir='ltr'><strong>Tranquilli</strong></span> <span class='ocrx_word' id='word_1_323' title='bbox 1971 1408 2223 1472; x_wconf 87' lang='lat' dir='ltr'><strong>scriptum</strong></span> <span class='ocrx_word' id='word_1_324' title='bbox 2256 1407 2411 1455; x_wconf 87' lang='lat' dir='ltr'><strong>liceat</strong></span> <span class='ocrx_word' id='word_1_325' title='bbox 2433 1407 2512 1455; x_wconf 87' lang='lat' dir='ltr'><strong>ita</strong></span> 
     </span>
     <span class='ocr_line' id='line_1_65' title="bbox 1442 1483 2509 1549; baseline -0.001 -15"><span class='ocrx_word' id='word_1_326' title='bbox 1442 1486 1753 1549; x_wconf 84' lang='lat' dir='ltr'><strong>conjectari.</strong></span> <span class='ocrx_word' id='word_1_327' title='bbox 1821 1486 1938 1535; x_wconf 92' lang='lat' dir='ltr'><strong>Hoc</strong></span> <span class='ocrx_word' id='word_1_328' title='bbox 1977 1483 2113 1534; x_wconf 90' lang='lat' dir='ltr'><strong>enim</strong></span> <span class='ocrx_word' id='word_1_329' title='bbox 2148 1485 2263 1533; x_wconf 90' lang='lat' dir='ltr'><strong>loco</strong></span> <span class='ocrx_word' id='word_1_330' title='bbox 2306 1489 2509 1546; x_wconf 86' lang='lat' dir='ltr'><strong>tempus</strong></span> 
     </span>
     <span class='ocr_line' id='line_1_66' title="bbox 1440 1558 2509 1630; baseline -0.003 -18"><span class='ocrx_word' id='word_1_331' title='bbox 1440 1577 1692 1628; x_wconf 63' lang='lat' dir='ltr'><strong>praesens,</strong></span> <span class='ocrx_word' id='word_1_332' title='bbox 1725 1579 1828 1630; x_wconf 85' lang='lat' dir='ltr'><strong>quo</strong></span> <span class='ocrx_word' id='word_1_333' title='bbox 1851 1565 1966 1613; x_wconf 78' lang='lat' dir='ltr'><strong>liaec‘</strong></span> <span class='ocrx_word' id='word_1_334' title='bbox 1988 1562 2264 1623; x_wconf 84' lang='lat' dir='ltr'><strong>scriberet,</strong></span> <span class='ocrx_word' id='word_1_335' title='bbox 2297 1558 2509 1610; x_wconf 85' lang='lat' dir='ltr'><strong>Tacitus</strong></span> 
     </span>
     <span class='ocr_line' id='line_1_67' title="bbox 1438 1638 2509 1706; baseline -0.001 -19"><span class='ocrx_word' id='word_1_336' title='bbox 1438 1653 1542 1688; x_wconf 91' lang='lat' dir='ltr'><strong>non</strong></span> <span class='ocrx_word' id='word_1_337' title='bbox 1580 1641 1757 1706; x_wconf 77' lang='lat' dir='ltr'><strong>inepte</strong></span> <span class='ocrx_word' id='word_1_338' title='bbox 1805 1641 2014 1691; x_wconf 85' lang='lat' dir='ltr'><strong>dicetur</strong></span> <span class='ocrx_word' id='word_1_339' title='bbox 2048 1639 2372 1703; x_wconf 78' lang='lat' dir='ltr'><strong>exprimere5</strong></span> <span class='ocrx_word' id='word_1_340' title='bbox 2421 1638 2509 1702; x_wconf 89' lang='lat' dir='ltr'><strong>qui</strong></span> 
     </span>
     <span class='ocr_line' id='line_1_68' title="bbox 1440 1716 2511 1782; baseline -0.001 -17"><span class='ocrx_word' id='word_1_341' title='bbox 1440 1731 1504 1765; x_wconf 91' lang='lat' dir='ltr'><strong>an</strong></span> <span class='ocrx_word' id='word_1_342' title='bbox 1531 1733 1711 1769; x_wconf 86' lang='lat' dir='ltr'><strong>verum</strong></span> <span class='ocrx_word' id='word_1_343' title='bbox 1732 1719 1948 1781; x_wconf 85' lang='lat' dir='ltr'><strong>dixerit,</strong></span> <span class='ocrx_word' id='word_1_344' title='bbox 1982 1718 2098 1782; x_wconf 87' lang='lat' dir='ltr'><strong>ejus</strong></span> <span class='ocrx_word' id='word_1_345' title='bbox 2122 1717 2349 1781; x_wconf 79' lang='lat' dir='ltr'><strong>aequales</strong></span> <span class='ocrx_word' id='word_1_346' title='bbox 2373 1716 2511 1766; x_wconf 87' lang='lat' dir='ltr'><strong>vide·</strong></span> 
     </span>
     <span class='ocr_line' id='line_1_69' title="bbox 1440 1792 2499 1845; baseline 0.005 -5"><span class='ocrx_word' id='word_1_347' title='bbox 1440 1792 1561 1845; x_wconf 82' lang='lat' dir='ltr'><strong>rint.</strong></span> <span class='ocrx_word' id='word_1_348' title='bbox 1604 1794 1905 1845; x_wconf 72' lang='lat' dir='ltr'><strong>Vertraniua.</strong></span> <span class='ocrx_word' id='word_1_349' title='bbox 2420 1810 2427 1819; x_wconf 92' lang='grc'>·</span> <span class='ocrx_word' id='word_1_350' title='bbox 2492 1812 2499 1819; x_wconf 77' lang='grc'><strong><em>’</em></strong></span> 
     </span>
    </p>

    <p class='ocr_par' dir='ltr' id='par_1_8' title="bbox 1433 1871 2510 2241">
     <span class='ocr_line' id='line_1_70' title="bbox 1503 1871 2507 1936; baseline 0.003 -18"><span class='ocrx_word' id='word_1_351' title='bbox 1503 1871 1566 1919; x_wconf 76' lang='lat' dir='ltr'><strong>Ia</strong></span> <span class='ocrx_word' id='word_1_352' title='bbox 1583 1887 1791 1936; x_wconf 74' lang='lat' dir='ltr'><strong>proesens</strong></span> <span class='ocrx_word' id='word_1_353' title='bbox 1807 1873 1936 1923; x_wconf 72' lang='lat' dir='ltr'><strong>houd</strong></span> <span class='ocrx_word' id='word_1_354' title='bbox 1955 1871 2350 1935; x_wconf 71' lang='lat' dir='ltr'><strong>animadversum]</strong></span> <span class='ocrx_word' id='word_1_355' title='bbox 2383 1872 2507 1923; x_wconf 88' lang='lat' dir='ltr'><strong>Cre-</strong></span> 
     </span>
     <span class='ocr_line' id='line_1_71' title="bbox 1439 1943 2510 2011; baseline 0.004 -18"><span class='ocrx_word' id='word_1_356' title='bbox 1439 1943 1504 1994; x_wconf 88' lang='lat' dir='ltr'><strong>do</strong></span> <span class='ocrx_word' id='word_1_357' title='bbox 1539 1947 1777 1997; x_wconf 87' lang='lat' dir='ltr'><strong>voculam</strong></span> <span class='ocrx_word' id='word_1_358' title='bbox 1817 1947 2284 2010; x_wconf 83' lang='lat' dir='ltr'><strong>intermittendam,</strong></span> <span class='ocrx_word' id='word_1_359' title='bbox 2321 1948 2510 2011; x_wconf 75' lang='lat' dir='ltr'><strong>qaodia</strong></span> 
     </span>
     <span class='ocr_line' id='line_1_72' title="bbox 1433 2023 2508 2086; baseline 0 -13"><span class='ocrx_word' id='word_1_360' title='bbox 1433 2037 1657 2086; x_wconf 79' lang='lat' dir='ltr'><strong>proesens.</strong></span> <span class='ocrx_word' id='word_1_361' title='bbox 1706 2023 1994 2075; x_wconf 85' lang='lat' dir='ltr'><strong>Acidalius.</strong></span> <span class='ocrx_word' id='word_1_362' title='bbox 2078 2026 2154 2075; x_wconf 86' lang='lat' dir='ltr'><strong>Ut</strong></span> <span class='ocrx_word' id='word_1_363' title='bbox 2196 2025 2307 2074; x_wconf 76' lang='lat' dir='ltr'><strong>baec</strong></span> <span class='ocrx_word' id='word_1_364' title='bbox 2340 2026 2508 2074; x_wconf 68' lang='lat' dir='ltr'><strong>cohae-</strong></span> 
     </span>
     <span class='ocr_line' id='line_1_73' title="bbox 1439 2100 2510 2166; baseline 0.003 -18"><span class='ocrx_word' id='word_1_365' title='bbox 1439 2107 1592 2150; x_wconf 87' lang='lat' dir='ltr'><strong>reant</strong></span> <span class='ocrx_word' id='word_1_366' title='bbox 1636 2101 2011 2166; x_wconf 84' lang='lat' dir='ltr'><strong>superioribus,</strong></span> <span class='ocrx_word' id='word_1_367' title='bbox 2065 2100 2309 2164; x_wconf 85' lang='lat' dir='ltr'><strong>adjiciam</strong></span> <span class='ocrx_word' id='word_1_368' title='bbox 2353 2115 2510 2151; x_wconf 86' lang='lat' dir='ltr'><strong>vocu-</strong></span> 
     </span>
     <span class='ocr_line' id='line_1_74' title="bbox 1438 2175 2421 2241; baseline 0.001 -16"><span class='ocrx_word' id='word_1_369' title='bbox 1438 2175 1574 2226; x_wconf 86' lang='lat' dir='ltr'><strong>lam:</strong></span> <span class='ocrx_word' id='word_1_370' title='bbox 1612 2177 1673 2225; x_wconf 75' lang='lat' dir='ltr'><strong>Id</strong></span> <span class='ocrx_word' id='word_1_371' title='bbox 1696 2179 1747 2226; x_wconf 76' lang='lat' dir='ltr'><strong>in</strong></span> <span class='ocrx_word' id='word_1_372' title='bbox 1764 2192 1986 2241; x_wconf 75' lang='lat' dir='ltr'><strong>proeseus.</strong></span> <span class='ocrx_word' id='word_1_373' title='bbox 2022 2177 2421 2227; x_wconf 83' lang='lat' dir='ltr'><strong>Freinshemius.</strong></span> 
     </span>
    </p>

    <p class='ocr_par' dir='ltr' id='par_1_9' title="bbox 1434 2253 2508 2999">
     <span class='ocr_line' id='line_1_75' title="bbox 1509 2253 2508 2319; baseline 0 -16"><span class='ocrx_word' id='word_1_374' title='bbox 1509 2253 1869 2303; x_wconf 72' lang='lat' dir='ltr'><strong>Veaerationem</strong></span> <span class='ocrx_word' id='word_1_375' title='bbox 1902 2254 2138 2303; x_wconf 67' lang='lat' dir='ltr'><strong>hominum</strong></span> <span class='ocrx_word' id='word_1_376' title='bbox 2173 2254 2289 2303; x_wconf 71' lang='lat' dir='ltr'><strong>item</strong></span> <span class='ocrx_word' id='word_1_377' title='bbox 2317 2253 2508 2319; x_wconf 65' lang='lat' dir='ltr'><strong>mer-ito]</strong></span> 
     </span>
     <span class='ocr_line' id='line_1_76' title="bbox 1437 2327 2505 2393; baseline 0.002 -16"><span class='ocrx_word' id='word_1_378' title='bbox 1437 2327 1757 2379; x_wconf 85' lang='lat' dir='ltr'><strong>Adverbium</strong></span> <span class='ocrx_word' id='word_1_379' title='bbox 1803 2331 1918 2379; x_wconf 76' lang='lat' dir='ltr'><strong>item</strong></span> <span class='ocrx_word' id='word_1_380' title='bbox 1961 2328 2328 2392; x_wconf 85' lang='lat' dir='ltr'><strong>submovimus,</strong></span> <span class='ocrx_word' id='word_1_381' title='bbox 2367 2331 2505 2393; x_wconf 87' lang='lat' dir='ltr'><strong>quod</strong></span> 
     </span>
     <span class='ocr_line' id='line_1_77' title="bbox 1435 2405 2508 2468; baseline 0.001 -14"><span class='ocrx_word' id='word_1_382' title='bbox 1435 2419 1540 2455; x_wconf 88' lang='lat' dir='ltr'><strong>nou</strong></span> <span class='ocrx_word' id='word_1_383' title='bbox 1574 2405 1644 2456; x_wconf 86' lang='lat' dir='ltr'><strong>sit</strong></span> <span class='ocrx_word' id='word_1_384' title='bbox 1678 2406 1729 2454; x_wconf 91' lang='lat' dir='ltr'><strong>in</strong></span> <span class='ocrx_word' id='word_1_385' title='bbox 1758 2406 1892 2456; x_wconf 91' lang='lat' dir='ltr'><strong>libro</strong></span> <span class='ocrx_word' id='word_1_386' title='bbox 1914 2406 2285 2468; x_wconf 88' lang='lat' dir='ltr'><strong>manuscripto.</strong></span> <span class='ocrx_word' id='word_1_387' title='bbox 2321 2406 2508 2455; x_wconf 71' lang='lat' dir='ltr'><strong>Rhena-</strong></span> 
     </span>
     <span class='ocr_line' id='line_1_78' title="bbox 1434 2482 2508 2547; baseline 0 -16"><span class='ocrx_word' id='word_1_388' title='bbox 1434 2498 1539 2532; x_wconf 76' lang='lat' dir='ltr'><strong>nus.</strong></span> <span class='ocrx_word' id='word_1_389' title='bbox 1585 2482 1838 2547; x_wconf 88' lang='lat' dir='ltr'><strong>Verbum,</strong></span> <span class='ocrx_word' id='word_1_390' title='bbox 1859 2485 2114 2545; x_wconf 72' lang='lat' dir='ltr'><strong>hominum,</strong></span> <span class='ocrx_word' id='word_1_391' title='bbox 2139 2482 2266 2532; x_wconf 89' lang='lat' dir='ltr'><strong>licet</strong></span> <span class='ocrx_word' id='word_1_392' title='bbox 2290 2482 2508 2532; x_wconf 88' lang='lat' dir='ltr'><strong>retineri</strong></span> 
     </span>
     <span class='ocr_line' id='line_1_79' title="bbox 1435 2550 2508 2625; baseline 0.001 -16"><span class='ocrx_word' id='word_1_393' title='bbox 1435 2561 1620 2624; x_wconf 85' lang='lat' dir='ltr'><strong>possit,</strong></span> <span class='ocrx_word' id='word_1_394' title='bbox 1645 2562 1806 2625; x_wconf 71' lang='lat' dir='ltr'><strong>magis</strong></span> <span class='ocrx_word' id='word_1_395' title='bbox 1831 2569 2006 2612; x_wconf 86' lang='lat' dir='ltr'><strong>tamen</strong></span> <span class='ocrx_word' id='word_1_396' title='bbox 2030 2576 2123 2625; x_wconf 86' lang='lat' dir='ltr'><strong>pro</strong></span> <span class='ocrx_word' id='word_1_397' title='bbox 2158 2550 2220 2610; x_wconf 79' lang='lat' dir='ltr'><strong>eo</strong></span> <span class='ocrx_word' id='word_1_398' title='bbox 2253 2561 2508 2624; x_wconf 86' lang='lat' dir='ltr'><strong>placeret,</strong></span> 
     </span>
     <span class='ocr_line' id='line_1_80' title="bbox 1434 2636 2508 2689; baseline 0.001 -4"><span class='ocrx_word' id='word_1_399' title='bbox 1434 2638 1694 2688; x_wconf 72' lang='lat' dir='ltr'><strong>numinum.</strong></span> <span class='ocrx_word' id='word_1_400' title='bbox 1728 2637 1960 2689; x_wconf 73' lang='lat' dir='ltr'><strong>Ursinus·</strong></span> <span class='ocrx_word' id='word_1_401' title='bbox 2004 2636 2287 2687; x_wconf 89' lang='lat' dir='ltr'><strong>Adsentior</strong></span> <span class='ocrx_word' id='word_1_402' title='bbox 2302 2637 2508 2686; x_wconf 87' lang='lat' dir='ltr'><strong>Mureto</strong></span> 
     </span>
     <span class='ocr_line' id='line_1_81' title="bbox 1434 2713 2506 2779; baseline 0 -17"><span class='ocrx_word' id='word_1_403' title='bbox 1434 2713 1648 2779; x_wconf 79' lang='lat' dir='ltr'><strong>legenti,</strong></span> <span class='ocrx_word' id='word_1_404' title='bbox 1678 2716 2023 2765; x_wconf 71' lang='lat' dir='ltr'><strong>venerationem</strong></span> <span class='ocrx_word' id='word_1_405' title='bbox 2042 2713 2284 2763; x_wconf 73' lang='lat' dir='ltr'><strong>numinum</strong></span> <span class='ocrx_word' id='word_1_406' title='bbox 2320 2716 2506 2763; x_wconf 75' lang='lat' dir='ltr'><strong>merito.</strong></span> 
     </span>
     <span class='ocr_line' id='line_1_82' title="bbox 1437 2791 2508 2856; baseline 0 -15"><span class='ocrx_word' id='word_1_407' title='bbox 1437 2792 1541 2841; x_wconf 90' lang='lat' dir='ltr'><strong>Sed</strong></span> <span class='ocrx_word' id='word_1_408' title='bbox 1565 2800 1621 2841; x_wconf 84' lang='lat' dir='ltr'><strong>et</strong></span> <span class='ocrx_word' id='word_1_409' title='bbox 1651 2800 1831 2856; x_wconf 83' lang='lat' dir='ltr'><strong>postea</strong></span> <span class='ocrx_word' id='word_1_410' title='bbox 1868 2793 2174 2855; x_wconf 82' lang='lat' dir='ltr'><strong>particulam</strong></span> <span class='ocrx_word' id='word_1_411' title='bbox 2209 2791 2379 2842; x_wconf 89' lang='lat' dir='ltr'><strong>insero</strong></span> <span class='ocrx_word' id='word_1_412' title='bbox 2416 2804 2508 2841; x_wconf 86' lang='lat' dir='ltr'><strong>ne·-</strong></span> 
     </span>
     <span class='ocr_line' id='line_1_83' title="bbox 1435 2870 2504 2943; baseline 0.002 -25"><span class='ocrx_word' id='word_1_413' title='bbox 1435 2870 1739 2920; x_wconf 84' lang='lat' dir='ltr'><strong>cessariam:</strong></span> <span class='ocrx_word' id='word_1_414' title='bbox 1794 2870 1888 2920; x_wconf 75' lang='lat' dir='ltr'><strong>Sed</strong></span> <span class='ocrx_word' id='word_1_415' title='bbox 1925 2873 2046 2943; x_wconf 79' lang='lat' dir='ltr'><strong>quod</strong></span> <span class='ocrx_word' id='word_1_416' title='bbox 2081 2873 2143 2920; x_wconf 84' lang='lat' dir='ltr'><strong>ad</strong></span> <span class='ocrx_word' id='word_1_417' title='bbox 2180 2871 2336 2921; x_wconf 80' lang='lat' dir='ltr'><strong>omina</strong></span> <span class='ocrx_word' id='word_1_418' title='bbox 2376 2870 2504 2920; x_wconf 74' lang='lat' dir='ltr'><strong>olim.</strong></span> 
     </span>
     <span class='ocr_line' id='line_1_84' title="bbox 1437 2945 1724 2999; baseline 0.003 -3"><span class='ocrx_word' id='word_1_419' title='bbox 1437 2945 1724 2999; x_wconf 85' lang='lat' dir='ltr'><strong>Acidalius.</strong></span> 
     </span>
    </p>

    <p class='ocr_par' dir='ltr' id='par_1_10' title="bbox 1433 3024 2508 3550">
     <span class='ocr_line' id='line_1_85' title="bbox 1504 3024 2508 3078; baseline -0.003 -1"><span class='ocrx_word' id='word_1_420' title='bbox 1504 3024 1645 3078; x_wconf 71' lang='lat' dir='ltr'><strong>Quod</strong></span> <span class='ocrx_word' id='word_1_421' title='bbox 1663 3027 1727 3074; x_wconf 76' lang='lat' dir='ltr'><strong>ad</strong></span> <span class='ocrx_word' id='word_1_422' title='bbox 1749 3026 1907 3075; x_wconf 75' lang='lat' dir='ltr'><strong>omina</strong></span> <span class='ocrx_word' id='word_1_423' title='bbox 1927 3027 2039 3075; x_wconf 78' lang='lat' dir='ltr'><strong>olim</strong></span> <span class='ocrx_word' id='word_1_424' title='bbox 2061 3026 2136 3075; x_wconf 78' lang='lat' dir='ltr'><strong>sui</strong></span> <span class='ocrx_word' id='word_1_425' title='bbox 2168 3026 2325 3074; x_wconf 71' lang='lat' dir='ltr'><strong>exitus</strong></span> <span class='ocrx_word' id='word_1_426' title='bbox 2356 3030 2508 3074; x_wconf 78' lang='lat' dir='ltr'><strong>certe-</strong></span> 
     </span>
     <span class='ocr_line' id='line_1_86' title="bbox 1434 3105 2504 3171; baseline 0.003 -19"><span class='ocrx_word' id='word_1_427' title='bbox 1434 3105 1592 3167; x_wconf 76' lang='lat' dir='ltr'><strong>retur]</strong></span> <span class='ocrx_word' id='word_1_428' title='bbox 1633 3105 1853 3170; x_wconf 84' lang='lat' dir='ltr'><strong>Liquida</strong></span> <span class='ocrx_word' id='word_1_429' title='bbox 1893 3112 2181 3171; x_wconf 83' lang='lat' dir='ltr'><strong>apertaque</strong></span> <span class='ocrx_word' id='word_1_430' title='bbox 2226 3105 2504 3156; x_wconf 87' lang='lat' dir='ltr'><strong>sententia.</strong></span> 
     </span>
     <span class='ocr_line' id='line_1_87' title="bbox 1439 3178 2503 3246; baseline 0.002 -18"><span class='ocrx_word' id='word_1_431' title='bbox 1439 3181 1587 3240; x_wconf 77' lang='lat' dir='ltr'><strong>olim,</strong></span> <span class='ocrx_word' id='word_1_432' title='bbox 1600 3187 1803 3230; x_wconf 89' lang='lat' dir='ltr'><strong>tantum</strong></span> <span class='ocrx_word' id='word_1_433' title='bbox 1822 3181 1891 3231; x_wconf 89' lang='lat' dir='ltr'><strong>sit</strong></span> <span class='ocrx_word' id='word_1_434' title='bbox 1911 3181 2289 3246; x_wconf 80' lang='lat' dir='ltr'><strong>significatione</strong></span> <span class='ocrx_word' id='word_1_435' title='bbox 2312 3178 2503 3232; x_wconf 72' lang='lat' dir='ltr'><strong>futui-iz</strong></span> 
     </span>
     <span class='ocr_line' id='line_1_88' title="bbox 1435 3257 2506 3322; baseline 0.003 -17"><span class='ocrx_word' id='word_1_436' title='bbox 1435 3258 1569 3320; x_wconf 90' lang='lat' dir='ltr'><strong>quod</strong></span> <span class='ocrx_word' id='word_1_437' title='bbox 1589 3258 1762 3321; x_wconf 88' lang='lat' dir='ltr'><strong>pueris</strong></span> <span class='ocrx_word' id='word_1_438' title='bbox 1785 3273 1884 3308; x_wconf 91' lang='lat' dir='ltr'><strong>non</strong></span> <span class='ocrx_word' id='word_1_439' title='bbox 1921 3258 2170 3322; x_wconf 84' lang='lat' dir='ltr'><strong>ignotum.</strong></span> <span class='ocrx_word' id='word_1_440' title='bbox 2238 3257 2313 3307; x_wconf 87' lang='lat' dir='ltr'><strong>At</strong></span> <span class='ocrx_word' id='word_1_441' title='bbox 2346 3257 2506 3308; x_wconf 86' lang='lat' dir='ltr'><strong>nostri</strong></span> 
     </span>
     <span class='ocr_line' id='line_1_89' title="bbox 1435 3334 2504 3398; baseline 0.001 -15"><span class='ocrx_word' id='word_1_442' title='bbox 1435 3334 1622 3384; x_wconf 83' lang='lat' dir='ltr'><strong>Critici</strong></span> <span class='ocrx_word' id='word_1_443' title='bbox 1643 3349 1706 3383; x_wconf 85' lang='lat' dir='ltr'><strong>ex</strong></span> <span class='ocrx_word' id='word_1_444' title='bbox 1743 3335 1973 3384; x_wconf 89' lang='lat' dir='ltr'><strong>Budensi</strong></span> <span class='ocrx_word' id='word_1_445' title='bbox 2009 3336 2220 3398; x_wconf 86' lang='lat' dir='ltr'><strong>Codice,</strong></span> <span class='ocrx_word' id='word_1_446' title='bbox 2241 3337 2361 3398; x_wconf 82' lang='lat' dir='ltr'><strong>quod</strong></span> <span class='ocrx_word' id='word_1_447' title='bbox 2382 3336 2504 3384; x_wconf 81' lang='lat' dir='ltr'><strong>clam</strong></span> 
     </span>
     <span class='ocr_line' id='line_1_90' title="bbox 1433 3411 2504 3475; baseline 0.001 -17"><span class='ocrx_word' id='word_1_448' title='bbox 1433 3412 1496 3459; x_wconf 81' lang='lat' dir='ltr'><strong>ad</strong></span> <span class='ocrx_word' id='word_1_449' title='bbox 1530 3426 1662 3461; x_wconf 78' lang='lat' dir='ltr'><strong>omen</strong></span> <span class='ocrx_word' id='word_1_450' title='bbox 1694 3427 1751 3460; x_wconf 78' lang='lat' dir='ltr'><strong>ac</strong></span> <span class='ocrx_word' id='word_1_451' title='bbox 1784 3414 1956 3471; x_wconf 78' lang='lat' dir='ltr'><strong>dolam,</strong></span> <span class='ocrx_word' id='word_1_452' title='bbox 1990 3413 2186 3475; x_wconf 82' lang='lat' dir='ltr'><strong>legunt,</strong></span> <span class='ocrx_word' id='word_1_453' title='bbox 2249 3426 2348 3459; x_wconf 88' lang='lat' dir='ltr'><strong>non</strong></span> <span class='ocrx_word' id='word_1_454' title='bbox 2393 3411 2504 3460; x_wconf 88' lang='lat' dir='ltr'><strong>sine</strong></span> 
     </span>
     <span class='ocr_line' id='line_1_91' title="bbox 1433 3487 1953 3550; baseline 0.004 -16"><span class='ocrx_word' id='word_1_455' title='bbox 1433 3501 1551 3535; x_wconf 91' lang='lat' dir='ltr'><strong>meo</strong></span> <span class='ocrx_word' id='word_1_456' title='bbox 1574 3487 1697 3536; x_wconf 86' lang='lat' dir='ltr'><strong>risu.</strong></span> <span class='ocrx_word' id='word_1_457' title='bbox 1743 3487 1953 3550; x_wconf 71' lang='lat' dir='ltr'><strong>Lipsius.</strong></span> 
     </span>
    </p>

    <p class='ocr_par' dir='ltr' id='par_1_11' title="bbox 1431 3561 2506 3701">
     <span class='ocr_line' id='line_1_92' title="bbox 1502 3561 2502 3618; baseline 0.002 -7"><span class='ocrx_word' id='word_1_458' title='bbox 1502 3563 1642 3618; x_wconf 74' lang='lat' dir='ltr'><strong>Quod</strong></span> <span class='ocrx_word' id='word_1_459' title='bbox 1662 3565 1725 3611; x_wconf 78' lang='lat' dir='ltr'><strong>ad</strong></span> <span class='ocrx_word' id='word_1_460' title='bbox 1743 3561 1901 3612; x_wconf 75' lang='lat' dir='ltr'><strong>omniu</strong></span> <span class='ocrx_word' id='word_1_461' title='bbox 1930 3564 2044 3612; x_wconf 80' lang='lat' dir='ltr'><strong>olim</strong></span> <span class='ocrx_word' id='word_1_462' title='bbox 2075 3563 2151 3612; x_wconf 76' lang='lat' dir='ltr'><strong>sui</strong></span> <span class='ocrx_word' id='word_1_463' title='bbox 2172 3562 2331 3612; x_wconf 76' lang='lat' dir='ltr'><strong>exitas</strong></span> <span class='ocrx_word' id='word_1_464' title='bbox 2350 3566 2502 3614; x_wconf 76' lang='lat' dir='ltr'><strong>verte-⁸·</strong></span> 
     </span>
     <span class='ocr_line' id='line_1_93' title="bbox 1431 3638 2506 3701; baseline 0.003 -14"><span class='ocrx_word' id='word_1_465' title='bbox 1431 3638 1589 3701; x_wconf 70' lang='lat' dir='ltr'><strong>retur]</strong></span> <span class='ocrx_word' id='word_1_466' title='bbox 1613 3640 1856 3689; x_wconf 84' lang='lat' dir='ltr'><strong>Budense</strong></span> <span class='ocrx_word' id='word_1_467' title='bbox 1871 3642 2109 3690; x_wconf 88' lang='lat' dir='ltr'><strong>volumen</strong></span> <span class='ocrx_word' id='word_1_468' title='bbox 2131 3657 2143 3689; x_wconf 86' lang='lat'>:</span> <span class='ocrx_word' id='word_1_469' title='bbox 2181 3641 2506 3696; x_wconf 73' lang='lat' dir='ltr'><strong>Quorumdam</strong></span> 
     </span>
    </p>
   </div>
   <div class='ocr_carea' id='block_1_8' title="bbox 1431 3717 2506 3856">
    <p class='ocr_par' dir='ltr' id='par_1_12' title="bbox 1431 3717 2506 3856">
     <span class='ocr_line' id='line_1_94' title="bbox 1431 3717 2504 3767; baseline 0.003 -3"><span class='ocrx_word' id='word_1_470' title='bbox 1431 3718 1494 3765; x_wconf 82' lang='lat' dir='ltr'><strong>ud</strong></span> <span class='ocrx_word' id='word_1_471' title='bbox 1529 3717 1685 3766; x_wconf 78' lang='lat' dir='ltr'><strong>omniu</strong></span> <span class='ocrx_word' id='word_1_472' title='bbox 1720 3719 1874 3767; x_wconf 78' lang='lat' dir='ltr'><strong>dolum</strong></span> <span class='ocrx_word' id='word_1_473' title='bbox 1916 3719 1990 3766; x_wconf 76' lang='lat' dir='ltr'><strong>sai</strong></span> <span class='ocrx_word' id='word_1_474' title='bbox 2029 3718 2188 3767; x_wconf 68' lang='lat' dir='ltr'><strong>exitus</strong></span> <span class='ocrx_word' id='word_1_475' title='bbox 2225 3721 2504 3767; x_wconf 67' lang='lat' dir='ltr'><strong>verteretur.</strong></span> 
     </span>
     <span class='ocr_line' id='line_1_95' title="bbox 1431 3792 2506 3856; baseline 0.002 -15"><span class='ocrx_word' id='word_1_476' title='bbox 1431 3792 1706 3856; x_wconf 80' lang='lat' dir='ltr'><strong>Legerim:</strong></span> <span class='ocrx_word' id='word_1_477' title='bbox 1746 3793 1883 3848; x_wconf 64' lang='lat' dir='ltr'><strong>Quod</strong></span> <span class='ocrx_word' id='word_1_478' title='bbox 1915 3793 2035 3842; x_wconf 80' lang='lat' dir='ltr'><strong>clam</strong></span> <span class='ocrx_word' id='word_1_479' title='bbox 2074 3795 2136 3841; x_wconf 76' lang='lat' dir='ltr'><strong>ud</strong></span> <span class='ocrx_word' id='word_1_480' title='bbox 2177 3808 2309 3842; x_wconf 77' lang='lat' dir='ltr'><strong>omen</strong></span> <span class='ocrx_word' id='word_1_481' title='bbox 2338 3809 2395 3841; x_wconf 77' lang='lat' dir='ltr'><strong>uc</strong></span> <span class='ocrx_word' id='word_1_482' title='bbox 2425 3795 2506 3843; x_wconf 83' lang='lat' dir='ltr'><strong>do·</strong></span> 
     </span>
    </p>
   </div>
   <div class='ocr_carea' id='block_1_9' title="bbox 1431 3870 2646 3933">
    <p class='ocr_par' dir='ltr' id='par_1_13' title="bbox 1431 3870 2646 3933">
     <span class='ocr_line' id='line_1_96' title="bbox 1431 3870 2646 3933; baseline 0.002 -15"><span class='ocrx_word' id='word_1_483' title='bbox 1431 3870 1530 3918; x_wconf 74' lang='lat' dir='ltr'><strong>lam</strong></span> <span class='ocrx_word' id='word_1_484' title='bbox 1560 3870 1635 3918; x_wconf 78' lang='lat' dir='ltr'><strong>sui</strong></span> <span class='ocrx_word' id='word_1_485' title='bbox 1671 3870 1832 3919; x_wconf 77' lang='lat' dir='ltr'><strong>exitus</strong></span> <span class='ocrx_word' id='word_1_486' title='bbox 1873 3876 2109 3920; x_wconf 75' lang='lat' dir='ltr'><strong>verteret.-</strong></span> <span class='ocrx_word' id='word_1_487' title='bbox 2166 3870 2253 3920; x_wconf 84' lang='lat' dir='ltr'><strong>ubi</strong></span> <span class='ocrx_word' id='word_1_488' title='bbox 2295 3871 2370 3919; x_wconf 77' lang='lat' dir='ltr'><strong>sui</strong></span> <span class='ocrx_word' id='word_1_489' title='bbox 2408 3884 2511 3933; x_wconf 80' lang='lat' dir='ltr'><strong>pm</strong></span> <span class='ocrx_word' id='word_1_490' title='bbox 2574 3920 2581 3925; x_wconf 86' lang='grc'><em>,</em></span> <span class='ocrx_word' id='word_1_491' title='bbox 2637 3899 2646 3908; x_wconf 88' lang='lat'><strong>·</strong></span> 
     </span>
    </p>
   </div>
   <div class='ocr_carea' id='block_1_10' title="bbox 1431 3944 2506 4396">
    <p class='ocr_par' dir='ltr' id='par_1_14' title="bbox 1431 3944 2506 4396">
     <span class='ocr_line' id='line_1_97' title="bbox 1431 3944 2506 4009; baseline 0 -15"><span class='ocrx_word' id='word_1_492' title='bbox 1431 3947 1532 4006; x_wconf 64' lang='lat' dir='ltr'><strong>qius</strong></span> <span class='ocrx_word' id='word_1_493' title='bbox 1553 3952 1786 4009; x_wconf 86' lang='lat' dir='ltr'><strong>usurpat,</strong></span> <span class='ocrx_word' id='word_1_494' title='bbox 1820 3959 1960 3993; x_wconf 88' lang='lat' dir='ltr'><strong>more</strong></span> <span class='ocrx_word' id='word_1_495' title='bbox 1985 3944 2251 3994; x_wconf 88' lang='lat' dir='ltr'><strong>Ciceronis</strong></span> <span class='ocrx_word' id='word_1_496' title='bbox 2285 3953 2341 3994; x_wconf 91' lang='lat' dir='ltr'><strong>et</strong></span> <span class='ocrx_word' id='word_1_497' title='bbox 2365 3952 2506 3995; x_wconf 85' lang='lat' dir='ltr'><strong>vete-</strong></span> 
     </span>
     <span class='ocr_line' id='line_1_98' title="bbox 1434 4022 2503 4086; baseline 0.003 -16"><span class='ocrx_word' id='word_1_498' title='bbox 1434 4036 1547 4071; x_wconf 89' lang='lat' dir='ltr'><strong>rum</strong></span> <span class='ocrx_word' id='word_1_499' title='bbox 1593 4030 1850 4072; x_wconf 89' lang='lat' dir='ltr'><strong>autorum.</strong></span> <span class='ocrx_word' id='word_1_500' title='bbox 1907 4022 2176 4071; x_wconf 66' lang='lat' dir='ltr'><strong>Menam.</strong></span> <span class='ocrx_word' id='word_1_501' title='bbox 2244 4023 2503 4086; x_wconf 74' lang='lat' dir='ltr'><strong>corrupte</strong></span> 
     </span>
     <span class='ocr_line' id='line_1_99' title="bbox 1434 4096 2504 4162; baseline 0 -14"><span class='ocrx_word' id='word_1_502' title='bbox 1434 4100 1573 4148; x_wconf 87' lang='lat' dir='ltr'><strong>Flor.</strong></span> <span class='ocrx_word' id='word_1_503' title='bbox 1615 4096 1899 4162; x_wconf 70' lang='lat' dir='ltr'><strong>quorundum</strong></span> <span class='ocrx_word' id='word_1_504' title='bbox 1939 4101 2002 4148; x_wconf 79' lang='lat' dir='ltr'><strong>nd</strong></span> <span class='ocrx_word' id='word_1_505' title='bbox 2039 4099 2197 4147; x_wconf 75' lang='lat' dir='ltr'><strong>omina</strong></span> <span class='ocrx_word' id='word_1_506' title='bbox 2233 4101 2389 4148; x_wconf 76' lang='lat' dir='ltr'><strong>dolum</strong></span> <span class='ocrx_word' id='word_1_507' title='bbox 2426 4099 2504 4148; x_wconf 74' lang='lat' dir='ltr'><strong>sui</strong></span> 
     </span>
     <span class='ocr_line' id='line_1_100' title="bbox 1432 4175 2503 4225; baseline -0.001 0"><span class='ocrx_word' id='word_1_508' title='bbox 1432 4177 1590 4225; x_wconf 68' lang='lat' dir='ltr'><strong>exim</strong></span> <span class='ocrx_word' id='word_1_509' title='bbox 1631 4181 1933 4225; x_wconf 65' lang='lat' dir='ltr'><strong>vertentur.-⁴</strong></span> <span class='ocrx_word' id='word_1_510' title='bbox 1969 4175 2216 4224; x_wconf 75' lang='lat' dir='ltr'><strong>Pichena.</strong></span> <span class='ocrx_word' id='word_1_511' title='bbox 2283 4175 2390 4224; x_wconf 90' lang='lat' dir='ltr'><strong>Pro</strong></span> <span class='ocrx_word' id='word_1_512' title='bbox 2427 4175 2503 4224; x_wconf 70' lang='lat' dir='ltr'><strong>sai</strong></span> 
     </span>
     <span class='ocr_line' id='line_1_101' title="bbox 1432 4251 2503 4315; baseline 0.001 -15"><span class='ocrx_word' id='word_1_513' title='bbox 1432 4252 1593 4302; x_wconf 80' lang='lat' dir='ltr'><strong>exitus</strong></span> <span class='ocrx_word' id='word_1_514' title='bbox 1612 4254 1791 4302; x_wconf 85' lang='lat' dir='ltr'><strong>malim</strong></span> <span class='ocrx_word' id='word_1_515' title='bbox 1808 4253 1968 4302; x_wconf 86' lang='lat' dir='ltr'><strong>etiam</strong></span> <span class='ocrx_word' id='word_1_516' title='bbox 1990 4251 2248 4314; x_wconf 60' lang='lat' dir='ltr'><strong>sequntur-i·</strong></span> <span class='ocrx_word' id='word_1_517' title='bbox 2306 4253 2381 4301; x_wconf 91' lang='lat' dir='ltr'><strong>Ut</strong></span> <span class='ocrx_word' id='word_1_518' title='bbox 2391 4251 2503 4315; x_wconf 72' lang='lat' dir='ltr'><strong>jam</strong></span> 
     </span>
     <span class='ocr_line' id='line_1_102' title="bbox 1433 4326 2502 4396; baseline 0 -18"><span class='ocrx_word' id='word_1_519' title='bbox 1433 4335 1557 4378; x_wconf 85' lang='lat' dir='ltr'><strong>aute</strong></span> <span class='ocrx_word' id='word_1_520' title='bbox 1595 4327 1748 4394; x_wconf 82' lang='lat' dir='ltr'><strong>dixit,</strong></span> <span class='ocrx_word' id='word_1_521' title='bbox 1772 4326 1966 4389; x_wconf 68' lang='lat' dir='ltr'><strong>statam*</strong></span> <span class='ocrx_word' id='word_1_522' title='bbox 2003 4327 2240 4396; x_wconf 47' lang='lat' dir='ltr'><strong>ultionis„</strong></span> <span class='ocrx_word' id='word_1_523' title='bbox 2268 4326 2502 4379; x_wconf 79' lang='lat' dir='ltr'><strong>Boxbor·</strong></span> 
     </span>
    </p>
   </div>
   <div class='ocr_carea' id='block_1_11' title="bbox 2979 2356 2986 3060">
    <p class='ocr_par' dir='ltr' id='par_1_15' title="bbox 2979 2356 2986 3060">
     <span class='ocr_line' id='line_1_103' title="bbox 2979 2356 2986 3060; baseline 0 0"><span class='ocrx_word' id='word_1_524' title='bbox 2979 2356 2986 3060; x_wconf 95' lang='lat' dir='ltr'><strong> </strong></span> 
     </span>
    </p>
   </div>
  </div>
 </body>
</html>
