3009 4942
1094 412 1112 449 2v
1151 410 1459 463 manoe:
1510 410 1682 464 cAP.
1717 397 1828 464 23.

312 592 321 599 ν
384 565 556 629 possis.
580 568 590 581 '
611 560 755 628 Lips.
790 554 1075 626 *Excipere
1117 562 1274 612 etiam
1318 560 1452 611 dixit

387 641 578 692 Cicero
601 654 703 689 non
735 640 952 688 multum
975 638 1178 688 diversa
1198 636 1453 702 significa-

387 717 530 767 tione
560 717 625 766 de
660 716 885 766 Oratore
924 730 962 765 1.
1002 716 1017 742 ‘
1039 721 1212 763 tamen
1237 728 1328 762 nos
1361 713 1451 762 ali-

387 793 513 859 quid
537 796 601 843 en
625 807 860 842 sermone
882 799 1053 840 vestro
1071 791 1317 840 memoria
1339 790 1451 853 dig-

386 885 510 918 num
548 863 790 933 excipere
829 868 1122 934 possemus.'
1185 869 1253 917 Et
1275 872 1452 916 noSter

385 946 541 999 infra.
610 948 766 997 θελοι.

452 1023 526 1072 Ac
567 1025 809 1073 laudatum
847 1021 1255 1087 patremfamilioe]
1341 1023 1453 1086 Ego

386 1117 493 1151 non
513 1101 746 1153 dubitem
764 1105 1076 1165 scribere,ac
1095 1106 1293 1153 lautum.
1307 1103 1450 1167 Lips.

388 1198 395 1211 ⁶
452 1179 639 1244 Liceat]
734 1180 1032 1245 Rodolphus
1090 1183 1238 1241 bene,
1294 1181 1451 1233 libeat.

388 1256 556 1307 Idem.

385 1353 392 1358 ·
457 1335 748 1386 oblitterata
792 1342 839 1385 et
885 1337 1079 1400 olentia]
1154 1337 1324 1401 Magis
1371 1335 1453 1386 hic

389 1426 512 1461 sane
555 1413 769 1476 probem
793 1431 817 1463 :-
852 1414 1126 1464 oblitterata
1167 1420 1213 1463 et
1252 1415 1450 1464 exoleta.

391 1488 638 1538 Ceterum
663 1505 777 1555 quae
811 1500 929 1541 sunt
963 1492 1053 1541 illa
1074 1493 1302 1555 quoedam,
1335 1506 1451 1555 quae

382 1567 568 1629 procul
594 1566 750 1630 jubet
788 1567 990 1616 arceri?
1054 1568 1266 1617 Odoror
1289 1574 1454 1616 trans-

385 1642 711 1705 positionem,
734 1660 887 1708 quam
912 1652 966 1693 et
989 1645 1219 1709 corrigo:
1245 1645 1455 1708 aspicere

383 1714 559 1783 soepius'
596 1721 757 1784 libeat,
789 1724 985 1772 nullum:
1003 1724 1068 1772 sit
1102 1723 1294 1773 verbum
1329 1724 1457 1773 velut

381 1795 602 1859 rubigine
622 1797 864 1863 infectum,
900 1801 1116 1863 quoedam
1148 1802 1256 1848 vero
1291 1801 1456 1864 procul

312 1871 317 1873 ’
382 1880 653 1938 arceantur,
675 1882 725 1924 ut
738 1877 845 1937 jam
865 1877 1138 1925 oblitterata
1171 1883 1219 1925 et
1239 1879 1422 1926 exoleta
1441 1893 1456 1924 .-

318 1978 321 1981 -
382 1952 503 2000 nulli
526 1956 802 2016 sensus,&c.
837 1950 1042 2002 Acidal.

443 2019 696 2092 =Rubigine
738 2029 986 2092 infestum]
1055 2031 1275 2095 Scripsit
1311 2031 1455 2092 infec-

386 2109 506 2154 tum.
543 2105 776 2157 Rhenan.

454 2183 589 2234 cn».
613 2189 695 2235 23.
731 2187 853 2235 Nolo
882 2187 1084 2237 irridere
1120 2192 1274 2236 rotam
1293 2185 1455 2247 fortu-

383 2257 483 2321 πω]
517 2258 547 2288 ⁴*
581 2261 712 2311 Quas
738 2263 923 2312 merito
958 2264 1181 2328 antiquis
1204 2265 1312 2314 visa
1337 2269 1456 2313 sunt

385 2336 713 2400 ineptissima
739 2346 795 2389 et
831 2340 1107 2392 levissima.
1173 2342 1269 2391 Vir
1309 2348 1454 2391 certe

384 2412 587 2463 divinus
613 2422 668 2481 et
689 2415 864 2467 decori
907 2418 972 2467 ad
1008 2419 1311 2468 miraculum
1348 2418 1456 2468 ubi-

389 2505 492 2555 que
526 2493 822 2558 observans,
859 2511 962 2545 non
1003 2502 1203 2547 tantum
1242 2498 1294 2546 in
1333 2497 1456 2561 ipsis

379 2571 698 2631 ‘actionibuS,
745 2573 883 2637 quod
931 2575 1457 2639 testantur²antiqui,

387 2646 478 2695 sed
504 2648 658 2696 etiam
680 2650 731 2698 in
755 2650 1015 2700 actionum
1037 2652 1328 2702 habitarum
1352 2668 1458 2703 mo·

387 2725 667 2787 numentis,
692 2733 746 2775 et
771 2727 850 2790 iis,
891 2729 980 2792 qui
1003 2728 1069 2777 ad
1094 2744 1186 2778 nos
1212 2744 1458 2792 pervene-

380 2807 530 2863 runt,
567 2803 731 2866 libris,
767 2804 864 2854 hac
888 2820 990 2854 una
1019 2806 1140 2869 jure
1160 2806 1457 2856 humanitus

378 2876 588 2943 aliquid
622 2895 799 2945 passus
836 2882 1060 2932 videtur.
1128 2883 1190 2932 In
1227 2884 1458 2933 secunda

377 2955 686 3021 Philippica
723 2959 811 3007 illa
836 2959 1031 3022 divina,
1070 2975 1222 3024 quam
1247 2960 1359 3025 jam
1383 2976 1458 3010 se·

388 3035 504 3084 nior
543 3035 596 3084 in
638 3035 920 3086 Antonium
958 3038 1199 3102 scripsit:
1235 3037 1250 3065 ‘
1277 3038 1455 3091 Diser-

393 3112 646 3162 tissimum
673 3115 889 3178 cognovi
923 3129 1073 3165 avum
1108 3121 1287 3176 tuum3
1323 3123 1379 3166 at
1403 3122 1456 3166 te

378 3190 552 3239 ‘etiam
601 3192 916 3255 apertiorem
952 3193 1004 3241 iu
1050 3192 1311 3243 dicendo:
1366 3194 1457 3242 ille

378 3279 653 3332 nunquam
723 3268 890 3316 nudus
948 3275 1030 3318 est
1086 3269 1457 3328 concionatus3

389 3349 534 3393 tuum
569 3345 789 3394 hominis
825 3346 1069 3409 simplicis
1109 3350 1294 3410 pectus
1332 3345 1461 3394 vidi·

380 3418 538 3469 mus!
608 3421 761 3473 Quod
803 3422 887 3471 cui
923 3436 1026 3470 non
1060 3420 1460 3486 'frigidissimum

389 3506 445 3547 et
469 3498 725 3547 Cicerone
748 3514 930 3562 parum
947 3499 1157 3562 dignum
1181 3498 1419 3547 videatur
1440 3498 1459 3546 ?

380 3574 590 3623 ‘Eadem
615 3574 845 3624 oratione
870 3575 936 3624 de
977 3574 1348 3638 Lupercalibus
1389 3575 1462 3624 lo-

392 3665 557 3715 quens
615 3659 671 3700 et
723 3650 1060 3700 faedissimum
1125 3650 1459 3701 sceleratissi-

393 3741 635 3790 mumque
668 3725 889 3776 Antonii
909 3726 1122 3790 factum,
1159 3742 1259 3791 quo
1284 3725 1459 3775 diade-

393 3818 477 3852 ma
500 3803 692 3852 Caesari
716 3804 983 3866 imponens
1006 3818 1122 3852 eum
1146 3803 1291 3867 quasi
1305 3802 1459 3867 jussu

378 3880 574 3953 {populi
598 3894 813 3943 regnare
836 3881 999 3930 voluit
1015 3880 1222 3943 jubere,
1259 3879 1459 3943 graphi·

394 3970 457 4005 ce
481 3956 768 4020 depingens
792 3958 896 4007 suis
921 3965 975 4007 et
1012 3959 1147 4007 veris
1182 3957 1458 4018 coloribus,

380 4032 614 4097 adjicit:
648 4036 664 4061 ‘
691 4033 809 4083 Non
831 4033 1121 4084 dissimulat
1141 4035 1202 4084 P.
1229 4034 1285 4082 C.
1304 4047 1461 4096 appa·

395 4116 481 4158 ret
521 4124 635 4159 esse
675 4117 1015 4160 commotum:
1061 4106 1234 4170 sudat,
1267 4112 1461 4176 pallet:

385 4186 675 4251 quidlibet,
714 4188 866 4237 modo
910 4202 977 4237 ne
1022 4194 1258 4252 nauseet,
1300 4188 1463 4238 faciat

386 4265 537 4330 ·quod
556 4266 611 4316 in
641 4267 848 4330 porticu
872 4266 1105 4316 Minucia
1124 4267 1287 4317 fecit!
1355 4266 1463 4318 Hic

399 4356 602 4409 quoque
624 4341 851 4395 dubites·
868 4357 1004 4394 anne
1026 4358 1172 4395 suum
1196 4343 1464 4410 ingenium

2417 396 2591 489 44357

1529 561 1831 611 Ciceronem
1857 560 2160 625 abripuerit.
2183 569 2193 595 -’
2228 558 2430 612 Iratum
2452 561 2590 611 enim

1531 638 1755 687 Antonio
1780 653 1893 688 esse
1924 638 2104 688 decuit
2124 639 2176 687 in
2212 639 2300 687 illo
2329 638 2589 688 libertatis

1528 714 1728 778 funere,
1751 715 2121 766 non‘facetum.
2188 715 2418 764 Nimium
2457 716 2591 764 cala-

1529 792 1721 843 mitatis
1745 793 2271 857 publicaeimmemor,
2309 800 2364 842 et
2400 793 2452 841 in
2477 798 2591 842 tan·

1531 873 1598 920 tis
1619 872 1763 920 malis
1785 871 2035 921 delicatus
2070 878 2166 932 est,
2204 871 2286 919 cui
2320 877 2475 923 vacet
2507 870 2592 921 hic

1530 951 1735 1012 timere,
1771 966 1837 1001 ne
1860 955 2029 999 vomat
2064 949 2442 999 Antonius·ant
2467 963 2591 999 nau·

1531 1035 1661 1078 seet.
1716 1028 1905 1078 Potest
1927 1035 2100 1078 tamen
2121 1041 2183 1076 eo
2205 1025 2432 1086 defendi,
2451 1026 2593 1092 quod

1532 1121 1646 1156 cnm
1671 1114 1790 1170 post
1825 1121 1953 1168 rem,
1991 1105 2267 1156 interfecto
2284 1106 2591 1169 jam'Caesa-

1533 1198 1608 1247 re,
1652 1184 1762 1234 hoec
1801 1185 2059 1245 dicantur,
2114 1189 2446 1233 contemnere
2477 1183 2590 1247 jam

1533 1275 1619 1310 eos
1645 1262 1794 1320 velit,
1825 1275 1925 1310 non
1949 1266 2152 1310 tantum
2173 1260 2340 1310 odisse
2372 1259 2593 1310 Antoni·-

1533 1352 1650 1387 um:
1686 1338 1834 1402 quasi
1863 1338 1976 1401 jam
2001 1337 2124 1386 nibil
2160 1338 2297 1387 aliud
2334 1352 2399 1387 ex
2424 1352 2485 1387 eo
2524 1338 2591 1387 sit

1530 1415 1884 1477 metuendum,
1923 1429 2075 1479 quam
2111 1429 2175 1463 ne
2215 1421 2449 1463 nauseet.
2515 1413 2591 1464 At

1531 1490 1656 1539 illud
1682 1492 1731 1539 in
1754 1489 2060 1555 praefatione
2092 1490 2220 1540 libri‘
2240 1490 2391 1553 primi
2412 1489 2478 1539 de
2502 1505 2591 1539 na-

1531 1574 1645 1616 tura
1667 1570 1898 1617 Deorum
1934 1567 2047 1632 quis
2083 1568 2329 1617 excuset?
2361 1569 2375 1596 ‘
2402 1566 2593 1633 Itaque

1529 1644 1658 1693 libet
1696 1644 1819 1694 mihi
1857 1646 2165 1708 exclamare,
2216 1645 2353 1710 quod
2392 1646 2593 1696 Statius

1528 1723 1582 1772 in
1601 1723 1955 1786 Synephebis:
1978 1722 1992 1747 ‘
2019 1723 2161 1771 Proh
2184 1724 2357 1772 Deum
2381 1727 2593 1787 popula-

1529 1800 1660 1850 rium
1684 1801 1906 1850 omnium
1937 1798 2358 1850 Adolescentium
2391 1800 2594 1864 clame,

1532 1878 1751 1943 postulo,
1790 1879 2027 1938 obsecro,
2071 1878 2391 1941 oro,·plor0,
2434 1885 2593 1943 atque

1530 1953 1749 2017 imploro
1772 1953 1946 2002 fidem.
2015 1954 2132 2002 Non
2151 1954 2406 2003 levissima
2427 1954 2492 2003 de
2519 1968 2596 2017 re,

1529 2028 1591 2078 ‘ut
1628 2031 1862 2094 queritur
1896 2030 1983 2078 ille
2003 2029 2120 2078 fieri
2157 2031 2208 2078 in
2232 2031 2446 2080 civitate
2469 2030 2597 2080 faci-

1532 2123 1660 2158 nora
1680 2108 1952 2171 capitalia:
1993 2106 2076 2156 Ab
2096 2108 2261 2157 amico
2287 2112 2491 2156 amante
2516 2122 2595 2156 ar-

1533 2191 1744 2248 gentum
1768 2185 2007 2247 accipere
2030 2183 2278 2232 meretrix
2310 2197 2414 2231 non
2450 2185 2596 2233 vult:

1530 2262 1634 2312 Sed
1675 2270 1733 2312 nt
1768 2263 1956 2326 adsint,
1997 2268 2329 2325 cognoscant,
2371 2261 2596 2311 animad-

1530 2346 1755 2405 vertant,
1799 2339 1922 2406 quid
1967 2340 2031 2389 de
2070 2339 2338 2403 religione,
2376 2340 2595 2404 pietate,

1532 2417 1829 2481 sanctitate,
1886 2416 2211 2478 caerimoniis,
2258 2419 2355 2465 ἃς.
2415 2416 2597 2465 existi·

1534 2494 1776 2543 mandum
1793 2493 1896 2543 sit.'
1962 2496 2136 2543 Deum
2161 2500 2316 2557 atque
2338 2493 2598 2542 hominu'm

1532 2569 1686 2619 fidem
1711 2571 1973 2635 implorat,
1996 2571 2250 2632 obsecrat,
2274 2576 2329 2619 et
2355 2578 2467 2619 orat
2492 2584 2597 2621 om·

1535 2660 1648 2710 nes,
1666 2646 1842 2696 adsint
1865 2654 1919 2696 et
1943 2653 2261 2711 cognoscant
2279 2647 2343 2695 de
2368 2660 2423 2695 re
2450 2653 2599 2695 tanta

1536 2731 1747 2790 tamque
1784 2726 1947 2774 ardua
1984 2732 2140 2790 atque
2176 2724 2392 2790 difficili,
2431 2726 2595 2790 qualis

1534 2808 1615 2851 est
1638 2807 1821 2852 natura
1844 2803 2073 2865 deorum,
2097 2803 2164 2852 de
2188 2818 2288 2867 qua
2308 2804 2376 2852 sit
2398 2803 2598 2866 locutu-

1536 2894 1640 2929 rus.
1706 2879 2039 2942 Expectabat
2077 2879 2162 2929 hic
2203 2879 2359 2929 credo
2398 2880 2601 2944 aliquis,

1534 2963 1593 3007 ut
1626 2970 1719 3005 nos
1742 2962 1975 3005 moneret
2007 2970 2061 3005 se
2084 2971 2207 3017 non,
2247 2963 2307 3006 ut
2344 2956 2432 3006 ille
2456 2955 2598 3020 apud

1533 3033 1755 3083 Statium
1780 3033 2012 3097 perditus
2034 3033 2351 3096 adolescenS,
2367 3031 2484 3082 ideo
2509 3047 2599 3082 ex-

1531 3111 1777 3175 clamare,
1831 3110 1969 3175 quod
2024 3110 2274 3160 meretrix
2330 3116 2599 3172 argentum

1533 3189 1777 3251 accipere
1823 3187 1987 3235 nollet
2013 3203 2026 3234 z
2099 3187 2215 3235 Hac
2262 3186 2599 3235 excusatione

1532 3264 1811 3327 interjecta
1855 3277 1958 3311 non
2004 3267 2202 3311 tantum
2249 3263 2353 3311 vim
2395 3277 2599 3312 omnem

1536 3339 1924 3389 exclamationis
1969 3339 2137 3387 tollit:
2174 3338 2326 3403 (quid
2372 3339 2505 3388 enim
2553 3341 2599 3389 si

1536 3418 1622 3467 ille
1647 3419 1779 3466 alter
1803 3417 1964 3465 stulte
1982 3421 2155 3464 tantos
2180 3421 2349 3464 motus
2371 3416 2543 3466 ciebat
2557 3415 2600 3481 ?)

1537 3494 1630 3543 sed
1654 3494 1812 3542 etiam
1836 3493 1887 3541 in
1911 3491 2212 3555 gravissima
2226 3493 2461 3556 materia,
2496 3507 2598 3557 quo

1534 3569 1587 3618 id
1610 3569 1817 3618 minime
1841 3568 2034 3629 decuit,
2069 3569 2185 3617 loco
2222 3568 2446 3619 animum
2493 3571 2601 3620 lec-

1533 3647 1680 3709 toris,
1702 3661 1853 3710 quem
1877 3650 2136 3694 attentum
2157 3643 2348 3695 habere
2367 3647 2496 3709 vult,
2530 3647 2603 3696 le·-

1535 3725 1699 3773 vitate
1726 3724 1844 3773 talis
1875 3722 2112 3787 imaginis
2134 3723 2199 3771 ad
2236 3723 2391 3772 risum
2423 3724 2602 3775 tradu-

1536 3802 1639 3852 cit:
1656 3803 1832 3851 insunt
1850 3801 2090 3849 nimirum
2112 3796 2333 3864 ingeniis
2348 3801 2601 3866 omnibus,

1536 3879 1616 3928 his
1635 3879 1840 3945 quidem
1855 3877 2102 3942 pauciora
2118 3891 2268 3940 quam
2285 3877 2384 3926 illis
2391 3914 2405 3940 ,
2424 3879 2604 3929 insunt

1538 3960 1711 4005 tamen
1737 3954 1972 4004 omnibus
2001 3952 2127 4001 vitia
2145 3953 2378 4018 quaedam
2401 3968 2508 4019 sna,
2547 3956 2602 4007 in

1540 4032 1722 4098 quibus
1736 4030 1949 4081 delicias
1964 4029 2181 4090 faciunt,
2193 4037 2247 4080 et
2257 4031 2603 4098 ineptiae,qui.

1533 4108 1636 4158 -bus
1654 4109 1936 4174 plaudunt:
1966 4122 2079 4172 quae
2095 4107 2298 4172 quidem
2320 4115 2380 4159 ut
2401 4111 2453 4159 in
2487 4112 2602 4163 allis

1537 4186 1816 4235 observare
1837 4191 1892 4234 et
1927 4191 2108 4234 notare
2138 4187 2369 4248 proclive
2390 4192 2491 4252 est,
2511 4189 2604 4241 -ita

1535 4277 1637 4329 pro
1660 4277 1714 4313 se
1734 4262 1962 4328 quisque
1986 4259 2279 4310 ⁴difficulter
2312 4264 2604 4317 evitaverit.

1539 4341 1764 4394 Placent
1796 4341 2035 4392 enim'et
2087 4338 2423 4392 blandiuntur
2439 4346 2448 4351 '
2463 4341 2603 4395 facie
