3009 4942
784 427 932 479 mn.
979 427 1144 477 xv1.
1189 427 1355 477 cAr.
1397 409 1509 477 22.
1557 425 1996 477 ANNAmnM.

283 571 435 636 esest]
496 569 749 629 Voleunen
772 570 994 634 regium,
1013 586 1157 634 quam
1176 577 1355 620 coacta.

287 647 507 714 Scripsi,
527 663 800 712 quan-quam
819 652 1000 697 coacta.
1067 648 1303 699 Rhenan.

358 725 498 774 cn.
519 728 600 774 20.
638 722 882 788 Tan-quan·
900 739 993 773 non
1013 724 1234 785 siluisset,
1254 738 1359 787 qua

289 798 495 862 uiderat,
512 801 874 863 pertuleratque,
891 800 1083 865 proprio
1100 799 1229 863 odio]
1264 802 1337 850 Le

290 876 494 939 gerim:
544 878 915 939 pertuleratque.
1004 877 1210 939 Propria
1254 876 1361 925 odio

288 951 412 1003 banc
431 967 452 1010 ,-
518 953 793 1003 Numicium
850 953 1097 1003 Thermum
1150 958 1363 1017 proetura

278 1029 510 1090 functum
550 1029 777 1092 Tigellini
811 1029 1128 1080 simultatibus
1160 1029 1361 1080 dedidit.

292 1105 396 1158 Est
439 1104 552 1155 fere
608 1108 788 1155 eadem
835 1105 1109 1157 verborum
1153 1105 1362 1169 positio,

293 1183 462 1247 qualis
485 1183 715 1232 occurrit
738 1190 793 1233 et
813 1179 951 1232 infra
976 1195 1091 1232 xv1.
1115 1185 1196 1233 80.
1227 1182 1243 1210 ‘
1263 1183 1363 1230 Ve-

293 1267 410 1311 tera
433 1261 543 1309 haec
564 1276 580 1309 ι
615 1260 709 1311 sed
730 1264 945 1322 recens,'
970 1263 1071 1309 διο.
1141 1256 1362 1309 Freinsh-

364 1336 589 1398 Tigcllini
640 1335 958 1385 simultatibus
1008 1334 1215 1398 dedidit]
1301 1335 1364 1385 In

292 1416 557 1467 volumine
580 1415 722 1479 regio
760 1421 859 1478 est,
892 1414 1132 1470 deditum5
1173 1413 1366 1475 malim,

292 1493 445 1543 dedit.
483 1493 714 1542 Rhenan.
780 1491 966 1541 Potius
987 1491 1134 1541 dedit.
1189 1490 1366 1540 Dandi

294 1568 436 1617 enim
459 1565 694 1630 verbnm,
715 1580 815 1615 non
838 1566 1055 1628 dedendi,
1085 1566 1186 1615 hoc
1207 1565 1365 1628 signi-

293 1643 458 1695 ficatu
481 1643 687 1694 celebre
711 1650 812 1694 est.
878 1643 1070 1692 Acidal.

360 1721 604 1770 Patronus
637 1719 737 1780 ejus
768 1734 878 1769 nece
913 1719 1154 1769 immerita
1190 1719 1364 1783 lueret]

296 1793 517 1845 Tacitus
537 1796 751 1859 scripsit
774 1797 917 1861 luere,
939 1796 992 1845 id
1013 1803 1116 1859 est,
1141 1797 1365 1847 luerunt.

294 1874 488 1925 Acidal.

361 1951 500 2001 CAP'.
523 1955 605 2001 21.
639 1948 898 2010 Interfecto
919 1950 1124 1999 Thrasea
1144 1949 1301 2010 Poeto,
1322 1954 1368 1998 et

296 2026 461 2078 Barea
496 2026 698 2090 Sorano]
763 2027 883 2077 Hoc
920 2026 1101 2077 ordine
1136 2027 1189 2076 in
1227 2027 1367 2076 Flor-

296 2104 663 2155 nominantnr:
732 2104 872 2168 apud
925 2103 1170 2153 Tacitum
1232 2103 1369 2152 enim

298 2180 503 2244 dignior
532 2181 783 2230 Thrasea.
852 2182 914 2231 In
953 2180 1175 2244 vulgatis
1210 2186 1371 2228 trans-

297 2264 594 2322 ponuntur:
639 2256 893 2318 interfecto
915 2258 1077 2307 Barea
1100 2254 1300 2320 Sorano,
1321 2261 1369 2304 et

302 2335 514 2385 Thrasea
539 2336 674 2385 Poeto
690 2352 712 2396 ,-
753 2335 855 2385 etsi
878 2334 1005 2384 nihil
1031 2331 1213 2384 refert.
1281 2333 1371 2382 Pi·

296 2411 462 2461 claena.

370 2489 511 2545 Quod
556 2488 738 2538 Senatu
789 2501 1004 2549 egressus
1056 2486 1149 2551 est]
1212 2486 1373 2550 Lege,

297 2572 454 2624 essem
501 2567 757 2631 quomodo
780 2572 833 2617 et
856 2566 1114 2616 Muretus.
1180 2565 1372 2616 Acidal.

298 2645 545 2694 Muretus
566 2645 714 2709 legit,
737 2658 950 2707 egressus
969 2647 1104 2693 esset.
1141 2642 1372 2693 Rectius.

297 2721 538 2772 Picltena.

370 2800 552 2850 Parum
580 2798 910 2863 expectabilem
941 2813 1129 2862 operam
1158 2795 1372 2861 proebue·

297 2877 406 2941 rat]
453 2877 734 2941 castigavi,
749 2892 923 2940 parum
943 2875 1243 2940 expetibilem
1265 2889 1373 2940 ope·

298 2970 407 3005 ram
423 2955 710 3019 prebuerat.
780 2956 1010 3004 Rbenan.

365 3032 521 3082 Ludis
552 3032 735 3082 cesticis
754 3030 812 3081 ab
834 3030 1074 3082 Antenore
1111 3028 1373 3093 institutis]

303 3109 533 3160 Haerent
555 3108 650 3159 viri
673 3108 817 3158 docti
848 3108 901 3157 in
934 3108 1012 3156 his
1035 3106 1205 3156 ludis:
1259 3121 1375 3169 nec,

300 3189 395 3254 qui
417 3195 509 3240 sut
525 3188 809 3252 explicent,
831 3195 922 3236 ant
943 3192 1165 3249 mutent,
1183 3185 1374 3235 sciunt.

303 3259 454 3318 Niliil
478 3264 636 3316 etiam
659 3280 756 3329 ego
792 3264 977 3314 video:
1032 3263 1129 3312 nisi
1170 3262 1213 3312 si
1252 3260 1375 3328 quid

301 3344 418 3395 suni
439 3350 530 3393 aut
549 3341 684 3395 firmi
715 3343 767 3392 in
807 3342 1012 3392 illorum
1053 3340 1376 3404 conjectura,

303 3421 398 3488 qui
435 3422 490 3470 in
526 3420 759 3472 Suetonii
797 3419 1010 3469 Tiberio
1045 3426 1101 3469 et
1140 3419 1379 3482 Caligula

304 3502 321 3528 ⁶
341 3499 553 3550 Asticus
587 3497 737 3547 ludos
759 3497 791 3547 :'
837 3506 894 3547 et
928 3498 962 3547 l.
989 3510 1081 3546 xv·
1110 3497 1162 3545 in
1193 3497 1376 3546 Tacito

303 3577 321 3604 ‘
348 3575 589 3625 Asticam
612 3573 930 3638 religionem'
948 3579 1236 3639 reponunt;
1259 3588 1379 3623 con·

294 3652 500 3718 jiciam,
535 3652 691 3700 etiam
729 3649 814 3700 hic
849 3650 1002 3711 Ludis
1037 3650 1220 3700 Asticis
1252 3649 1378 3703 scri-

305 3728 555 3783 bendum.
621 3729 691 3778 Et
730 3742 852 3778 sane
891 3727 1012 3792 quia
1049 3728 1378 3781 dicita'l'ro-

299 3808 431 3873 jano
466 3804 739 3855 Antenore
760 3805 968 3857 Patavii
1001 3804 1285 3867 institutos,
1306 3803 1379 3853 vi·

309 3884 504 3934 dentur
525 3882 599 3933 sic
629 3884 823 3944 vocari,
847 3882 993 3947 quasi
1021 3881 1207 3945 Urbici,
1231 3888 1381 3946 potn-

309 3960 430 4010 isse.
513 3958 722 4023 Lipsius
757 3959 869 4023 ipse
904 3959 1091 4011 Atticis
1127 3959 1181 4007 in
1213 3959 1381 4023 primu

310 4037 441 4087 edit.
465 4035 711 4100 conjecit,
746 4036 799 4086 in
834 4035 1209 4101 posterioribus
1240 4049 1381 4101 spre-

313 4115 407 4167 vit.
471 4114 662 4165 Acidal.

378 4193 451 4241 Et
485 4206 591 4241 essm
629 4190 782 4241 divini
817 4188 1035 4253 honores]
1100 4191 1386 4256 Exemplar

311 4269 576 4333 Budense,
589 4270 658 4320 Et
675 4284 781 4320 cum
788 4270 947 4320 Deum
960 4269 1153 4320 honores
1164 4270 1386 4332 Poppoeoe

309 4350 648 4401 decernuntur.
720 4347 808 4398 Sic
828 4347 885 4397 in
903 4344 1008 4399 fine
1028 4347 1066 4397 1.
1087 4359 1181 4398 xv.
1208 4348 1223 4375 ‘
1246 4346 1386 4400 Nus

1341 828 1360 840 -
1435 815 1566 862 mus,
1592 801 1754 849 Deum
1775 801 1985 848 honores.

2324 410 2497 475 4117

1432 568 1607 626 Deum
1646 569 1811 618 honor
1831 567 2055 632 principi
2076 581 2178 616 non
2202 567 2324 617 unte
2344 568 2502 617 habe-

1432 652 1539 706 tur,
1561 660 1713 710 quam
1736 660 1893 709 agere
1916 646 2053 694 inter
2084 647 2317 695 homines
2339 645 2502 696 decie-

1434 723 1539 773 rit.'
1607 723 1796 786 Itaque
1835 731 1891 771 et
1927 738 2019 787 nos
2040 723 2276 772 hocloco
2299 723 2505 785 scripsi-

2040 800 2268 851 Rbenun.
2350 799 2502 848 Faer-

1435 891 1533 926 nus
1573 875 1814 940 legebat:
1871 877 1937 924 Et
1973 892 2078 926 cum
2115 877 2270 926 Deum
2309 876 2504 926 honores

1435 955 1658 1017 Poppoeoe
1689 955 2061 1011 decernerentur,
2092 956 2171 1015 asc.
2206 964 2307 1003 non
2343 954 2503 1002 decer·

1434 1038 1630 1079 nuntur.
1681 1029 1858 1078 Ursin.
1939 1030 2234 1092 Legendnm
2256 1036 2402 1079 certo
2424 1032 2503 1079 de-

1434 1111 1755 1156 cernerentur.
1842 1105 1946 1155 Sed
1988 1106 2113 1170 qnid
2156 1107 2372 1157 honores
2418 1108 2504 1158 de-

1437 1183 1705 1232 creticum
1726 1180 1911 1232 siluere
1923 1182 2251 1246 junguntur?
2283 1185 2503 1234 Eodem-

1436 1273 1504 1308 ne
1526 1264 1760 1323 tempore
1784 1260 2043 1324 exsequiae
2072 1259 2419 1324 ducebantur,
2448 1266 2508 1310 et

1438 1339 1660 1387 Senatus
1717 1337 1784 1386 de
1838 1334 2113 1385 honoribus
2165 1335 2506 1386 decernendis

1437 1413 1764 1463 habebatur?
1815 1413 1936 1463 Nou
1974 1418 2168 1475 potest.
2251 1412 2507 1463 Censeam

1439 1488 1535 1554 pro
1551 1488 1736 1550 sunni,
1774 1488 2120 1550 scribendum,
2151 1488 2365 1538 senatui.-
2412 1497 2508 1539 nut

1440 1577 1590 1620 certe
1639 1569 1882 1619 diducam
1925 1569 2232 1617 sententiam
2285 1567 2508 1619 immissa

1441 1647 1729 1712 particula:
1779 1646 1848 1695 Et
1868 1660 1974 1694 cum
1989 1644 2148 1694 Deum
2168 1644 2364 1692 honores
2384 1644 2508 1707 Pop-

1435 1740 1556 1789 poeae
1575 1725 1956 1782 decernerentur,
1992 1725 2155 1784 sponte
2182 1721 2361 1783 absens,
2395 1719 2511 1785 (ini-

1442 1816 1556 1851 rum
1579 1801 1633 1852 ni
1652 1815 1742 1865 pro
1759 1804 1939 1864 sponte,
1950 1803 2116 1848 senatu
2132 1794 2510 1861 reponendum)

1439 1878 1585 1928 etiam
1594 1877 1765 1938 funeri
1785 1891 1879 1926 non
1899 1874 2137 1935 interfuit.
2206 1872 2411 1923 Acidal.

1508 1957 1690 2007 Funeri
1723 1971 1815 2005 non
1853 1953 2095 2017 interfuit]
2158 1953 2293 2003 Flor.
2334 1952 2511 2014 habet,

1441 2046 1535 2083 non
1556 2032 1830 2093 interfuerit
1848 2048 1864 2080 .·
1905 2046 2028 2095 ergo
2052 2044 2224 2094 supra,
2241 2044 2334 2092 pro
2356 2031 2513 2079 decer-

1442 2113 1640 2170 nuntur,
1663 2108 1897 2171 legerim,
1916 2106 2292 2156 decernerentur.
2362 2105 2511 2155 Pieli.

1510 2185 1736 2234 Inimicus
1789 2182 2026 2245 Thraseae]
2119 2183 2258 2231 Flor.
2325 2181 2514 2245 iniquus

1448 2262 1683 2313 Thraseoe.
1731 2261 1835 2311 Sed
1857 2259 1981 2308 nihil
2007 2258 2218 2309 mutavi.
2284 2257 2514 2308 Picnena.

1489 2341 1645 2390 ΟΑΡ.
1668 2343 1751 2388 22.
1804 2338 1901 2394 Qui
1937 2335 2028 2385 tibi
2067 2334 2310 2385 lasciviam
2345 2348 2514 2397 expro-

1445 2415 1603 2495 bren-t]
1666 2417 1728 2466 In
1753 2413 2036 2478 exemplari
2061 2411 2289 2461 Budensi
2321 2411 2516 2474 legitur

1445 2496 1583 2556 quod.
1674 2493 1878 2556 Opinoi·
1918 2487 2263 2551 scribendum,
2295 2503 2384 2550 qno
2423 2485 2517 2537 tibi

1446 2571 1687 2619 lasciviam
1711 2568 2010 2631 exprobrent.
2061 2564 2291 2613 Rhenan.
2359 2562 2516 2613 Fuer-

1445 2663 1540 2698 nus
1575 2648 1814 2710 legebat:
1868 2645 2022 2701 Quasi
2043 2643 2134 2692 tibi
2155 2642 2396 2692 lasciviant
2431 2656 2515 2689 ex-

1442 2726 1683 2790 probrent.
1735 2722 1972 2773 Ursinus.
2060 2719 2297 2781 correxi,
2315 2733 2403 2781 quo
2424 2717 2518 2767 tibi

1447 2803 1690 2853 lasciviam
1711 2815 1845 2863 eaepr.
1875 2799 1993 2864 quia
2014 2798 2153 2847 Flor.
2178 2796 2354 2858 habet,
2395 2797 2517 2859 quod

1405 2930 1416 2937 „
1444 2879 1531 2928 ibi.
1598 2879 1786 2942 Vulgo,
1803 2878 1882 2940 qui
1903 2874 2011 2925 tibi.
2077 2873 2329 2922 Pichena.

1511 2956 1648 3006 Huic
1684 2958 1767 3006 uni
1804 2951 2100 3004 incolumitas
2136 2958 2219 3001 tua
2254 2951 2356 3003 sine
2393 2954 2517 3011 arte,

1445 3035 1546 3083 sine
1566 3031 1759 3094 bonore]
1829 3031 2031 3094 Lipsius
2057 3028 2312 3079 excidisse
2338 3038 2518 3079 vocem

1447 3115 1620 3172 putat,
1639 3108 1740 3156 sine
1762 3121 1895 3167 cura,
1916 3110 2042 3154 artes
2058 3105 2157 3154 sine
2176 3105 2349 3152 honore
2364 3119 2382 3152 .·
2430 3102 2518 3153 cni

1448 3184 1680 3249 opinioni
1702 3183 1929 3233 nonnihil
1966 3182 2200 3231 Floreat.
2237 3178 2443 3240 astruit,
2463 3178 2519 3227 in

1448 3274 1552 3327 quo
1576 3262 1784 3325 legitur,
1797 3264 1942 3309 artes.
1976 3258 2225 3307 Pichena.
2290 3255 2518 3306 Videtur

1450 3336 1781 3387 Florentinus
1817 3332 2138 3397 significare:
2189 3331 2321 3381 Huic
2341 3332 2424 3380 uni
2443 3331 2518 3380 in-

1449 3413 1696 3464 columitas
1734 3418 1836 3475 tua,
1874 3418 1968 3460 tuoe
2006 3416 2149 3473 artes,
2188 3409 2289 3458 sine
2329 3408 2517 3459 honore.

1451 3492 1683 3543 Gronov.

1516 3569 1621 3618 Per
1662 3566 1902 3617 exercitus
1954 3563 2228 3614 accuratius
2279 3559 2520 3624 leguntur]

1451 3648 1700 3713 Reposiii,
1741 3661 1828 3710 per
1875 3644 2112 3694 exercitus
2152 3642 2418 3691 curantium
2457 3641 2522 3689 le-

1447 3730 1646 3789 guntur.
1711 3721 1861 3774 Infra
1882 3727 1961 3772 est
1983 3721 2035 3769 in
2058 3720 2191 3770 libro
2214 3719 2313 3768 Ms.
2336 3719 2352 3746 ‘
2373 3716 2520 3766 caede

1450 3803 1723 3867 insignium
1769 3797 2024 3861 virorum,'
2094 3811 2189 3859 pro
2232 3793 2521 3843 illustrium.-

1454 3895 1604 3946 qusm
1628 3877 1906 3929 lectionem
1930 3881 1984 3924 et
2006 3887 2098 3922 nos
2123 3872 2292 3922 secuti
2330 3883 2519 3932 sumus,

1455 3956 1665 4008 tametsi
1704 3942 2005 4004 vocabulum
2048 3952 2148 3999 hoc
2189 3947 2379 4012 passim
2431 3946 2524 3997 ob—

1453 4035 1595 4085 vium
1619 4040 1699 4082 est
1726 4031 1865 4095 apud
1885 4030 2141 4079 Tacitum.
2208 4025 2427 4076 Rhenan-

1523 4109 1583 4159 Si
1618 4106 1948 4172 perverterint,
1979 4102 2283 4154 libertatem
2264 4116 2416 4165 ipsam
2436 4116 2523 4164 ag·

1452 4186 1758 4252 gredientur]
1826 4185 1887 4235 In
1911 4183 2134 4247 vulgatis
2165 4174 2523 4232 tantummodo

1455 4264 1678 4329 legitur:
1727 4263 1772 4312 si
1799 4259 2133 4326 perverterint,
2165 4258 2317 4323 ipsam
2347 4271 2523 4320 aggre-

1455 4341 1667 4393 dientur.
1728 4340 1835 4390 Sed
1857 4339 2099 4406 quoniam
2131 4337 2185 4387 iu
2219 4336 2357 4387 Flor.
2379 4334 2524 4400 inge-
