3009 4942
989 456 996 463 -
1029 421 1380 472 GERMAN-

284 557 405 612 esu
437 575 472 610 a
502 561 979 617 Mercurimnomen
997 565 1208 630 babeat,
1239 572 1300 617 ut
1321 580 1355 616 a

283 640 458 689 »Mu-te
476 640 779 691 Martiam
793 656 998 707 nemus,
1014 645 1102 693 der
1115 644 1355 694 Slawartz·

281 717 449 766 aule.
501 715 738 769 Rhenan.
795 734 800 739 ’

319 793 488 849 Sola
503 797 790 860 reverentia]
856 798 952 848 Et
968 798 1068 848 hoc
1110 797 1354 862 profecto

284 869 397 944 pie.
449 871 725 923 Hilarius:
771 874 786 902 ‘
811 873 959 924 Dens
994 875 1241 939 religione
1277 876 1355 924 in·

281 947 601 1017 {alligandus
638 956 740 1012 est,
785 952 987 1015 pietate
1031 951 1355 1015 profitendus

283 1030 402 1089 βῐς
454 1039 604 1075 sensu
646 1041 769 1076 vcro
821 1027 1211 1092 persequendus
1249 1043 1354 1078 non

283 1106 391 1162 est,
413 1100 505 1150 sed
526 1102 835 1152 adorandus-
838 1102 854 1125 ’
903 1106 1063 1156 Color.

277 1176 595 1229 .:CA1².1⁰.
637 1180 1130 1244 Virgmfmgu‘eroe]
1182 1181 1353 1233 Occa-

285 1253 362 1318 sio
375 1254 741 1317 ῥαβδομαηείας
755 1258 968 1308 videtur
979 1258 1195 1309 Aaronis
1209 1260 1353 1324 virga

285 1328 456 1391 Exod.
468 1345 565 1382 vn.
585 1340 642 1383 et
657 1347 780 1384 vm.
797 1342 851 1383 et
868 1348 949 1385 ιι.
983 1336 1194 1386 Diaboli
1209 1354 1353 1386 κακο-

283 1405 438 1479 ζηλία
455 1409 523 1459 ab
544 1409 801 1474 AEgyptiis
825 1411 894 1460 ad
914 1413 1099 1462 Medos
1119 1419 1176 1462 et
1204 1413 1353 1469 Grae..

285 1498 378 1547 cos
397 1483 720 1552 Scythasque
743 1494 799 1538 et
822 1489 1110 1539 Gennanos
1147 1492 1190 1540 is
1224 1492 1353 1541 ritus

285 1563 550 1628 manavit:
591 1564 659 1614 de
679 1565 853 1617 Medis
880 1567 1064 1617 Dioet
1085 1567 1355 1618 Nicander

286 1638 358 1690 in.
383 1640 671 1694 Theriaeis.
748 1642 908 1706 Apud
953 1644 1171 1695 Graecos
1210 1645 1356 1710 virga

288 1716 469 1767 Circes
492 1724 548 1768 et
566 1719 834 1770 Mercurii.
866 1720 948 1769 De
965 1721 1194 1788 Scythis,
1211 1725 1309 1773 ὣς.
1324 1721 1354 1751 '¹'

285 1795 510 1849 Kirekm.
665 1830 672 1839 ·

353 1874 521 1923 Etiam
542 1874 621 1925 liic
639 1875 823 1940 namn]
856 1874 887 1906 ·
920 1836 1163 1926 Clemens
1200 1875 1355 1927 Alex-

287 1949 537 2013 andrinus
566 1957 813 2001 testatum
847 1951 994 2003 facit.
1070 1952 1354 2003 Pausanias

284 2027 421 2079 ritus
465 2028 778 2093 principium
818 2031 886 2083 ad
927 2032 1235 2082 Parnassum
1273 2047 1354 2081 re-

285 2100 413 2155 fert.
478 2104 548 2155 Et
572 2105 780 2156 dubitat
805 2107 893 2158 ille
933 2108 1072 2173 ipse
1085 2109 1356 2159 Graeculus

285 2181 446 2248 etiam
468 2196 534 2231 an
549 2183 699 2232 ,Gaui
734 2191 789 2235 et
826 2185 1077 2235 Germani
1098 2185 1253 2235 ullam
1278 2186 1355 2235 di·

281 2258 503 2311 πίιιαιιάἰ
541 2246 836 2326 religionem
871 2262 1173 2335 habuerint.
1242 2263 1355 2327 Ego

283 2347 415 2385 vero
436 2336 623 2395 etiam
610 2341 867 2389 invenisse
884 2326 983 2403 aio,
999 2346 1053 2390 et
1075 2338 1355 2403 legendum

281 2410 424 2479 ‚adeo
459 2413 543 2462 hic
580 2415 719 2478 apud
747 2416 990 2466 Tacitum
1023 2416 1232 2479 (ἰίνίιιο,
1292 2417 1356 2468 Et

283 2489 408 2541 iuna
443 2493 633 2556 quidem
673 2494 820 2544 etiam
859 2494 938 2543 hic
978 2499 1162 2556 marn,
1200 2495 1359 2545 αυίιιηι

286 2564 439 2635 voces,
460 2573 724 2636 nolamque
742 2572 1056 2635 interrogare.
1120 2572 1358 2623 Justinus

285 2644 324 2696 1.
350 2659 510 2697 xxiv.
533 2651 631 2699 ὅτε.
664 2648 694 2678 ¹⁵
732 2650 884 2700 Celer.

319 2723 535 2774 Avium
569 2741 703 2776 voces
737 2727 1023 2791 volatusque]
1085 2725 1357 2791 originem

287 2800 644 2867 δεισιδαιμονίαι
678 2803 833 2865 hujus
871 2818 905 2852 a
941 2802 1259 2867 temporibus
1285 2803 1358 2855 di·

286 2877 418 2933 ,invii
441 2879 681 2930 Noemici
703 2894 929 2930 arcesso.
1007 2880 1267 2930 Emiserat
1287 2880 1359 2929 vi-

283 2954 489 3013 delicet
506 2970 773 3022 aquarum,
794 2964 1052 3023 quatenus
1071 2958 1359 3022 depressio·-

287 3045 377 3081 res
412 3031 569 3082 factae
604 3041 798 3098 essent,
819 3034 1256 3098 explorandarum
1278 3050 1359 3084 er-

289 3122 379 3181 go,
398 3109 558 3158 semel
579 3109 872 3175 iterumque
894 3125 1018 3160 aves
1038 3111 1228 3172 Noah3
1252 3125 1364 3161 cor·

290 3197 413 3234 vum
439 3185 625 3249 primo,
638 3194 694 3237 et
710 3193 817 3236 tres
836 3187 1054 3237 diversis
1072 3193 1361 3251 temporum

290 3260 523 3329 periodis
557 3263 847 3333 columbas:
898 3263 974 3311 his
1014 3262 1155 3311 velut
1193 3263 1362 3326 auspi-

287 3337 411 3400 ciis,
434 3352 584 3388 sensu
605 3340 803 3403 optimo
826 3355 887 3390 ac
912 3339 1177 3389 innocenti
1202 3354 1362 3403 augu-

289 3414 371 3475 ria
388 3416 455 3466 de
468 3417 675 3481 aquosis
693 3417 1089 3481 tempestatibus
1105 3416 1362 3467 sumebat.

289 3491 520 3549 »Transiit
555 3492 624 3542 ad
656 3501 897 3558 posteros
931 3493 1178 3543 memoria
1212 3493 1361 3543 istius

289 3567 373 3631 gei
417 3573 475 3617 et
515 3583 628 3632 per.
646 3569 1015 3618 daemoniacam
1052 3565 1362 3632 κακοζηλίαν,

290 3643 392 3711 isac
414 3645 573 3695 ctiam
610 3646 664 3695 in
700 3653 851 3710 parte
889 3646 1100 3711 decepti
1121 3643 1362 3696 nefandis

289 3724 461 3773 modis
499 3723 732 3773 homines
768 3723 976 3788 pagani.
1054 3723 1168 3786 Ipsi
1202 3723 1362 3772 etiam

289 3799 492 3864 Judaei,
527 3801 664 3866 quod
710 3801 941 3864 graviter
983 3802 1035 3851 in
1079 3801 1183 3851 illis
1221 3816 1362 3882 saepe

294 3877 506 3927 Numen
527 3877 884 3941 reprehendit.
951 3878 1213 3928 Caeterum
1236 3874 1363 3943 gen's

291 3953 439 4017 nulla
481 3967 706 4018 unquam
752 3959 859 4003 tam
903 3960 1136 4004 extreme
1186 3953 1365 4003 dedita

279 4028 525 4092 auguriis
571 4043 725 4094 quam
769 4029 992 4079 Romani
1034 4036 1092 4080 et
1133 4030 1362 4081 Etrusci.

291 4105 522 4159 fflrcltm

321 4181 597 4244 Candidi]
629 4180 659 4210 ¹⁵
692 4182 1038 4234 Saxol.v111.
1104 4184 1224 4234 Sed
1229 4185 1368 4235 bella

291 4258 380 4314 hic
403 4265 496 4311 est
509 4258 717 4309 occasio
756 4260 968 4310 Senecae
1006 4261 1175 4310 locum
1211 4260 1367 4311 corti-⁵

289 4335 475 4404 geudi,
494 4344 652 4401 quem
671 4335 717 4390 is
740 4336 808 4389 de
828 4337 937 4405 Ira,
957 4337 1048 4392 lib.
1069 4352 1156 4390 ιιι.
1179 4343 1266 4393 21.
1298 4352 1367 4390 ex

1430 564 1689 615 Herodoti
1701 563 1800 616 lib.
1821 579 1861 617 1.
1892 564 2093 616 retulit.
2169 565 2226 615 Is
2249 566 2405 630 vuigo
2422 567 2505 617 sic

1428 641 1656 704 legitur:
1689 641 1705 670 ‘
1730 642 1879 692 Unus
1900 657 1967 692 ex
1989 643 2158 707 equis,
2176 643 2267 706 qui
2287 643 2499 694 trabere

1429 732 1645 781 currum
1659 718 2003 782 reginm=alibi
2032 718 2289 778 solebant,
2310 719 2499 783 ahi-ep.

1429 799 1543 855 tus,
1570 795 1920 845 vehementer.
1951 796 2228 845 commovit
2282 794 2499 860 regem.’.

1429 870 1625 923 Quidni
1649 872 1784 921 enim
1809 873 2081 936 legendum
2107 874 2207 923 sit?
2250 873 2358 929 ‚Qui
2393 878 2497 924 tra-

1427 946 1539 996 here
1559 947 1744 1009 regium
1761 962 1953 997 currum
1974 949 2070 999 alba·
2087 949 2316 998 ωίεὸιιιί.
2360 949 2501 1009 Esne,

1429 1022 1548 1083 dem
1570 1022 1839 1089 historiam
1875 1033 2053 1074 narrat
2090 1019 2409 1089 Frecul'plms
2431 1027 2500 1076 E·

1428 1100 1671 1163 piscopus
1686 1102 2017 1153 Lexoviensis
2038 1120 2051 1152 ι
2075 1106 2090 1132 ‘
2110 1103 2372 1168 Impetum
2385 1105 2507 1169 ejus:

1428 1179 1602 1244 [Cyri]
1641 1174 1855 1245 Gyndes
1892 1181 2080 1232 fluvius
2101 1184 2342 1233 secundm
2379 1189 2500 1248 post

1428 1257 1752 1321 Euphratem
1785 1260 2152 1323 magnitudinis
2184 1261 2498 1325 intercepit:

1424 1347 1545 1383 nam
1589 1349 1746 1384 unum
1788 1336 2049 1400 regiorum
2094 1351 2498 1401 equorum-can-

1428 1409 1554 1461 dore
1603 1409 1874 1477 formaque
1927 1414 2290 1475 excellentem,
2333 1420 2502 1463 trans»

1426 1487 1637 1539 meandi
1679 1487 1869 1539 fiducia
1907 1504 2231 1553 persuasum,
2268 1505 2373 1556 qna
2403 1504 2501 1553 per

1426 1579 1666 1628 rapacem
1692 1566 1893 1615 alveum
1918 1563 2103 1615 offensi
2119 1566 2251 1614 vado
2276 1565 2499 1617 vertices

1428 1640 1832 1704 adtollebantur‚
1878 1649 2145 1706 arreptum
2202 1642 2500 1707 praecipita·

1428 1723 1643 1782 tumque
1666 1719 1990 1769 merserunt?
2049 1721 2206 1771 Celer.
2269 1760 2275 1767 .

1495 1796 1631 1847 cn».
1655 1801 1736 1846 11.
1797 1799 1941 1859 Apud
1972 1779 2210 1860 principes
2235 1802 2501 1861 pertractu-

1427 1875 1621 1940 rentur]
1703 1874 2033 1926 Contradicit
2100 1875 2198 1925 sibi
2244 1874 2501 1927 Tacitus.

1429 1952 1703 2006 Quomodo
1726 1952 1861 2001 enim
1882 1951 1925 2000 si
1948 1951 2086 2016 apud
2108 1952 2368 2015 principes
2386 1967 2506 2016 per·

1429 2035 1726 2079 tractantur
1753 2028 1981 2090 negotia,
2015 2042 2193 2077 eorum
2229 2028 2500 2077 arbitrium

1430 2119 1592 2170 penes
1617 2105 1826 2168 plebem
1849 2104 1956 2153 dici
1978 2105 2193 2168 potest?
2237 2111 2329 2154 aut
2351 2106 2394 2154 si
2421 2120 2504 2153 ar·

1433 2181 1645 2234 bitrium
1703 2181 1871 2246 plebis
1911 2187 2010 2242 est,
2057 2179 2310 2245 quomodo
2361 2179 2501 2243 apud

1426 415 1596 473 cari
1636 405 1776 471 11.»

1431 2259 1695 2323 principes
1718 2257 1923 2307 demum
1961 2256 2384 2321 pertractantur?
2432 2256 2502 2304 E·

1430 2333 1627 2389 mendo
1650 2338 2045 2397 enumerantur,
2083 2335 2166 2394 ἔμ’.
2212 2331 2242 2361 '⁸'
2291 2332 2502 2382 Acidal.

1434 2412 1611 2473 caesar
1632 2412 1670 2461 l.
1694 2425 1771 2462 vl.
1805 2411 1819 2438 ‘
1843 2412 1894 2459 in
1919 2425 2048 2475 pace
2073 2410 2240 2460 nullus
2258 2416 2343 2461 est
2364 2424 2505 2461 com-

1433 2488 1600 2543 munis
1629 2488 1979 2553 magistratus,
2006 2487 2096 2537 sed
2137 2486 2398 2552 principes
2422 2501 2504 2536 re-

1433 2568 1639 2632 gionum
1659 2572 1816 2632 atque
1836 2580 2091 2629 pagorum
2109 2565 2247 2615 inter
2267 2579 2385 2614 suos
2412 2563 2503 2627 jus

1435 2646 1637 2708 dicunt,
1689 2645 2170 2710 controversiasque
2235 2640 2505 2693 minuunt.'

1436 2727 1556 2778 Quo
1600 2731 1775 2775 temen
1818 2723 1983 2788 magis
2021 2724 2109 2773 illa
2162 2724 2502 2785 illustrantur,

1437 2817 1554 2867 quae
1572 2801 1709 2851 infra
1723 2800 1911 2850 scribit
1922 2801 2135 2853 Tacitus
2158 2817 2170 2850 z
2204 2801 2220 2828 ‘
2240 2800 2509 2865 eliguntur

1433 2880 1488 2929 in
1527 2880 1707 2930 iisdem
1741 2879 1970 2930 conciliis
2014 2886 2070 2929 et
2115 2878 2374 2942 principes
2414 2876 2503 2942 qui

1432 2957 1544 3006 vita
1565 2957 1849 3020 excellunt,
1870 2956 1958 3019 qui
1986 2956 2111 3019 jura
2136 2969 2234 3019 per
2257 2955 2397 3004 vicos
2417 2967 2506 3018 pa-

1434 3048 1633 3097 gosque
1657 3031 1918 3082 reddunt!
1985 3031 2073 3082 Ita
2095 3032 2230 3082 enim
2249 3026 2455 3096 adjutus
2470 3046 2507 3081 a

1433 3110 1621 3162 Bamb.
1661 3109 1852 3161 scribo.
1919 3110 2037 3159 Erit
2071 3108 2250 3173 itaque
2286 3111 2388 3158 vita
2421 3123 2506 3158 ex·

1432 3188 1619 3251 cellere,
1635 3188 1757 3238 vitae
1777 3200 1837 3236 ae
1859 3201 2056 3236 morum
2071 3186 2375 3249 integritate
2397 3186 2507 3235 exi·-

1432 3264 1592 3312 mium
1615 3279 1760 3325 esse3
1784 3263 1867 3312 vel
1889 3264 2066 3326 etiam,
2087 3270 2246 3312 aetate
2269 3262 2506 3326 grandio-

1434 3354 1546 3390 rem
1568 3356 1701 3391 esse.
1739 3341 1895 3390 Celer.
1963 3339 2238 3403 Egregiam
2255 3338 2509 3387 describit

1434 3415 1569 3481 reip.
1586 3416 1803 3467 formam
1822 3415 1960 3480 apud
1975 3421 2159 3480 gentes
2175 3415 2228 3462 in
2241 3415 2338 3471 hoc
2356 3419 2507 3464 certe

1434 3507 1538 3542 non
1571 3493 1830 3544 barbaras.
1897 3491 2001 3541 Sed
2025 3506 2178 3556 quam
2217 3489 2505 3554 corrumpit

1436 3585 1539 3620 vox
1562 3585 1663 3619 una
1696 3574 1960 3631 corrupta,
1998 3583 2094 3632 pro
2133 3583 2235 3632 qua
2272 3567 2504 3621 scriben-

1436 3646 1559 3696 dum
1621 3661 1725 3697 non
1796 3646 2049 3709 ambigam
2118 3646 2505 3708 praetractentur.

1437 3722 1558 3773 Hoc
1582 3729 1680 3786 est,
1701 3723 1836 3788 quod
1863 3721 2001 3785 apud
2024 3720 2390 3782 Athenienses,
2404 3721 2505 3767 διο.

1437 3798 1467 3828 '¹'
1500 3800 1746 3850 Meminit
1766 3798 2044 3864 προβούλων
2080 3805 2136 3846 et
2156 3795 2511 3857 Aristoteles,

1438 3877 1601 3928 Polit.
1623 3892 1699 3927 tv,
1723 3881 1803 3928 14.
1827 3884 1883 3927 et
1905 3890 1981 3925 νι.
2000 3881 2047 3925 8.
2090 3874 2309 3923 Grotius.
2358 3906 2365 3910 .

1504 3955 1764 4004 Incitantur
1785 3953 1919 4015 luna]
1988 3952 2103 4000 Non
2122 3951 2309 3998 mirum
2331 3948 2508 4009 igitur,

1439 4033 1481 4081 si
1503 4032 1724 4082 foeminae
1750 4031 2127 4081 Germanorum
2151 4034 2332 4077 vetant
2354 4025 2507 4076 Ario-

1441 4109 1646 4170 vistum,
1669 4121 1985 4172 ne-pugnam
2007 4112 2246 4154 conserat
2268 4110 2393 4153 ante
2409 4103 2510 4152 Lu-

1440 4200 1560 4234 nam
1584 4199 1805 4234 novam..
1855 4183 2028 4232 Caesar
2057 4182 2093 4229 1.
2114 4195 2154 4230 ι.
2187 4185 2202 4208 ⁴
2227 4196 2315 4230 eas
2335 4181 2412 4229 ita
2434 4178 2513 4228 di·

1442 4275 1596 4311 cere:
1642 4275 1744 4310 non
1777 4273 1890 4309 esse
1924 4257 2004 4308 fas
2043 4258 2332 4308 Germanos
2356 4268 2508 4318 supe·-

1442 4353 1584 4406 rare‚
1627 4337 1673 4390 si
1707 4344 1830 4389 ante
1870 4338 2068 4387 Lunam
2105 4348 2292 4386 novam
2327 4330 2525 4400 proelioe
