3009 4942
1100 419 1449 473 onasum.
1491 423 1660 472 oar.
1700 409 1768 475 4.

312 562 777 629 flammat&
792 565 988 631 00⁴⁸?oe
1007 565 1159 631 οῖ’νὰρ
1169 566 1382 631 narcpm

315 640 550 699 πολλάκις
591 642 860 706 νομίζουσιν
902 644 980 694 καὶ
1008 648 1055 693 τ’
1089 645 1381 695 ἑνοντια-’λέὲ

314 735 458 781 γεινε
506 719 698 773 Veteres
738 722 986 772 Historiis
1017 728 1199 786 oportet
1219 724 1384 773 audire

314 812 407 849 non
423 799 557 861 quusi
573 800 672 848 sint
690 800 876 849 omnino
890 799 1196 867 dubioefidei:
1211 801 1383 866 quippe

314 878 364 922 et
398 873 567 923 aewvs‘tt'i
602 875 765 924 multis
798 876 853 924 ιἰι
882 875 1019 925 reims
1040 877 1292 926 dissentire
1308 893 1382 926 so·

312 950 431 999 lent.
500 951 692 1000 Merito
736 952 899 1016 igitur
930 953 1157 1003 Metrius
1198 955 1382 1004 Florus

316 1027 462 1090 apud
485 1028 852 1079 Plutarchum.
896 1032 966 1092 τῷ·
1000 1029 1052 1080 δὲ
1085 1029 1235 1081 αἰτίαις
1272 1031 1384 1080 ἆτο-
1419 1030 1436 1041 ““

312 1105 412 1229 ρὲἳν
427 1103 723 1155 ἀπιστεῖσθαι
740 1107 831 1213 τὴν
851 1106 1080 1172 ἱστορίαν,
1109 1108 1164 1158 οὐ
1182 1107 1382 1159 δικαίως.

293 1214 304 1223 -
363 1182 533 1232 oleras.

383 1262 518 1312 CAP.
538 1266 589 1312 4.
621 1262 773 1327 Aliis]
807 1263 1102 1314 Redundat.
1134 1263 1266 1331 Lips.

385 1336 546 1387 Nauis
570 1339 681 1387 aliis
712 1340 911 1388 aliarum
943 1341 1189 1390 nationum
1211 1344 1383 1391 οὸιυιιι-

316 1412 434 1476 biis]
485 1415 693 1478 Lipsius
733 1431 933 1477 vocem,
975 1418 1103 1482 aliis,
1140 1423 1383 1484 tanquam

318 1490 694 1543 redundantem
711 1493 867 1544 tollit.
934 1495 1114 1559 Forte,
1134 1498 1277 1547 nullis
1295 1498 1385 1547 ali·

313 1566 620 1631 enigmrum
636 1566 899 1621 nationum.
933 1572 1184 1625 Pichena.
1235 1592 1242 1603 ·
1311 1592 1316 1601 ·

382 1646 635 1709 Propriam
672 1664 727 1697 ιιο
771 1650 1029 1713 sinceram]
1079 1651 1284 1716 Lipsius
1318 1666 1384 1701 ex

227 1762 234 1767 .
314 1720 410 1771 lib.
444 1723 817 1788 Bambergensi
860 1726 1074 1777 adducit
1106 1733 1383 1792 perpetuom

314 1815 372 1849 αι·
414 1799 683 1851 simeram.-
719 1816 871 1867 quam
928 1818 1025 1867 ego
1071 1805 1386 1869 scripturam

316 1875 577 1940 propriam
608 1878 797 1941 -magis
836 1894 897 1929 ac
929 1880 1206 1930 sinceram
1239 1890 1385 1944 puto.

316 1951 605 2015 Perpetuam
647 1961 820 2017 vocat,
860 1956 983 2021 quia
1029 1957 1386 2022 antiquissima

317 2035 373 2085 ,et
397 2027 657 2091 αὐτόχθων.
714 2031 1069 2084 Glossarium:
1098 2035 1386 2099 Perpetuam

314 2105 522 2171 Λῖὤνιον,
548 2107 742 2171 Διόλρυ,
777 2108 1013 2169 Armentis.
1049 2112 1258 2162 Colerus.
1320 2111 1385 2160 Τὸ

313 2190 591 2249 perpetuam
605 2186 725 2237 huic
742 2187 815 2236 rei
825 2188 1270 2239 accommodatum
1282 2204 1386 2239 non

315 2263 544 2314 videtur.
575 2282 580 2289 ·
607 2266 730 2316 Tria
768 2268 926 2330 enim,
967 2285 1084 2334 quae
1124 2271 1268 2334 ponit
1303 2271 1386 2320 hic

313 2341 547 2407 Tacitus,
590 2342 717 2392 nihil
764 2344 905 2395 aliud
928 2352 1051 2395 suut
1067 2350 1222 2411 'quam
1245 2347 1385 2397 idem

313 2419 416 2468 alio
464 2419 637 2483 modo,
679 2422 886 2486 majoris
927 2421 1279 2476 affirmationis
1327 2434 1386 2477 et

316 2493 562 2559 ἐμφάσεως
586 2495 744 2563 χάριν.
809 2499 896 2549 Ita
916 2507 972 2550 et
986 2502 1226 2566 proprius,
1247 2518 1387 2569 suus,

315 2572 502 2637 οἰκεῖος,
546 2589 661 2625 cum
687 2575 922 2640 pluribus
962 2592 1063 2629 nou
1085 2580 1388 2644 communis,

315 2665 482 2714 eoque
505 2651 882 2718 impermixtius,
898 2654 1110 2706 aiacem
1130 2660 1179 2707 et
1201 2661 1387 2707 tuntum

314 2729 391 2777 sui
412 2728 603 2779 sinaitis.
660 2730 895 2783 Gronov.

385 2805 571 2855 Rutila
607 2805 772 2870 oomoe]
819 2806 850 2835 ³
885 2809 1023 2872 apud
1063 2809 1390 2860 Germanos!

319 2882 391 2932 Et
432 2882 716 2947 Martialis,
761 2884 973 2935 Ruffum
1004 2900 1070 2935 ea
1090 2895 1265 2937 mente
1288 2887 1390 2937 Ba-

319 2967 529 3009 tavum:
562 2958 578 2986 ‘
602 2959 729 3010 Sum
768 2960 911 3025 figuli
934 2962 1093 3025 lusus,
1133 2960 1248 3013 ruffi
1272 2978 1389 3028 per·

319 3051 447 3087 sona
465 3036 688 3088 Batavi!
754 3039 930 3089 Graeci
950 3040 1249 3106 plerumque
1282 3045 1387 3104 ξαιν-

316 3112 401 3165 θὸν
414 3123 714 3167 verterunt:
740 3117 841 3166 etsi
864 3117 1095 3169 Galenus
1120 3121 1390 3171 Commen-

319 3192 452 3241 tario
505 3193 573 3242 ad
623 3194 887 3258 Polybum
925 3197 1013 3246 De
1057 3197 1219 3259 victu,
1261 3199 1389 3249 velit

320 3270 607 3320 Germanos
628 3271 789 3336 magis
811 3272 1021 3337 proprie
1048 3272 1247 3338 πυρῤοὺς
1269 3274 1390 3339 dici,

320 3361 473 3411 quam
527 3346 734 3409 ξανθούς.
801 3349 1113 3413 Calpurnius
1170 3350 1388 3401 Flaccus

318 3422 612 3474 Declamat.
657 3424 803 3475 &ch⁵
859 3425 1210 3476 abscondente
1254 3426 1393 3489 gale-

320 3499 414 3551 ro!
495 3502 581 3551 De
620 3502 716 3551 hac
784 3502 898 3566 ipsa
948 3517 1005 3552 re
1059 3502 1391 3553 doctissimus

317 3577 694 3642 Tertullianus,
727 3579 903 3629 libello
938 3580 1005 3628 de
1035 3580 1189 3630 Cultu
1212 3597 1228 3629 ι
1264 3584 1279 3610 ‘
1303 3581 1390 3630 Vi-

319 3654 424 3705 deo
445 3657 689 3719 quasdam
734 3664 790 3706 et
828 3657 1076 3721 capillum
1102 3672 1255 3708 croco
1277 3658 1390 3708 vei·-

320 3737 436 3781 tere
462 3748 476 3780 ι
523 3733 686 3795 pudet
715 3748 803 3782 eas
824 3736 980 3783 etiam
1012 3736 1239 3786 nationis
1260 3752 1388 3799 suae,

320 3809 464 3874 quod
508 3825 609 3859 nou
647 3810 925 3860 Germauae
965 3820 1057 3862 aut
1077 3812 1247 3863 Gallae
1272 3830 1396 3884 pro-Q

318 3893 515 3938 creatae
531 3889 636 3938 siut
653 3906 665 3936 ε
688 3891 765 3938 ita
781 3891 1005 3952 patriam
1018 3892 1389 3959 capillotraus·

318 3960 517 4014 ferunt.
587 3966 728 4014 Male
750 3982 811 4016 ac
845 3967 1068 4031 pessimo
1094 3969 1193 4019 sibi
1216 3971 1391 4035 auspi-

301 4046 529 4104 cantur,
556 4039 794 4091 flammeo
817 4044 1028 4107 capite!
1099 4047 1233 4096 Nam
1253 4047 1389 4112 quod

301 4116 445 4165 ·mall
490 4118 709 4181 auspicii
751 4119 825 4167 ait
863 4117 1155 4171 flammeum
1190 4129 1385 4187 caput:

319 4193 580 4257 intellegit
615 4209 767 4244 omen
799 4195 866 4244 ad
903 4194 1136 4247 flammas
1155 4206 1391 4252 aeternas.

317 4370 332 4397 ι
390 4345 576 4397 Rutila
591 4347 764 4411 com]
818 4348 936 4400 Hoc
974 4366 1184 4418 quoque
1218 4367 1251 4403 a
1267 4354 1390 4419 ‘sep-

1455 567 1732 619 temtrione
1766 572 1871 618 est.
1941 566 2240 619 Herodotus
2274 566 2342 618 de
2358 564 2527 619 Badi-

1452 643 1534 692 nis
1559 661 1572 694 z
1626 644 1839 695 Γλανκὸν
1875 644 1929 694 δὲ
1963 647 2060 695 πᾶν
2091 644 2286 709 ἰσχυρᾶς
2309 645 2412 695 ἐστὶ
2447 644 2527 697 καὶ

1451 718 1642 783 rufium
1692 721 1891 771 P-liuius
1926 735 1989 773 n.
2020 727 2100 773 78.
2151 723 2168 750 ⁴
2195 724 2265 773 Et
2303 723 2527 775 adversa

1454 799 1611 863 plaga
1648 798 1828 848 muudi
1870 805 2030 863 atque
2075 799 2276 863 glaciali
2300 799 2526 851 candida

1453 882 1577 926 cute
1629 890 1742 927 esse
1794 884 1995 940 gentes,
2044 875 2193 926 flavis
2248 878 2524 941 promissas

1454 951 1716 1003 crinibus?
1799 951 1958 1018 Apud
2014 952 2195 1003 Gallos
2241 968 2365 1004 vero
2421 964 2526 1004 non

1455 1029 1597 1078 nasci
1624 1035 1846 1092 tautum,
1864 1029 1957 1080 sed
1976 1031 2134 1080 etiam
2154 1030 2267 1080 fieri
2287 1032 2526 1084 solebant
2570 1052 2577 1063 ·

1457 1104 1554 1155 rufi
1572 1106 1768 1169 capilli.
1804 1107 1945 1170 Lege
1969 1108 2253 1157 Diodorum
2273 1108 2523 1160 Siculum·-

1371 1204 1380 1223 ι
1457 1184 1657 1234 Plinius
1679 1183 1773 1235 lib.
1797 1197 2003 1235 xxvm.
2025 1185 2040 1213 ‘
2062 1185 2290 1236 Prodest
2305 1191 2361 1234 et
2375 1199 2525 1249 sapui

1457 1262 1728 1312 Gallorum
1788 1262 1885 1312 ltoc
1933 1262 2196 1313 inventum
2249 1261 2525 1312 rutilandis

1455 1338 1657 1402 capillis
1698 1353 1764 1388 ex
1804 1351 1926 1389 sevo
1961 1343 2017 1388 et
2055 1336 2265 1388 cinere!
2329 1337 2527 1389 Scribit

1454 1420 1632 1465 tamen
1695 1415 1839 1478 inibi,
1899 1415 2081 1464 eodem
2145 1413 2526 1464 medicamento

1458 1506 1577 1540 usos
1621 1499 1677 1541 et
1698 1493 2028 1554 Germanos,
2072 1495 2128 1541 et
2155 1491 2362 1556 quidem
2388 1490 2525 1541 viros

1453 1570 1618 1632 magis
1634 1584 1787 1635 quam
1808 1568 2058 1621 foeminas.
2106 1571 2261 1619 Coler.

1523 1646 1710 1709 Magna
1730 1662 1942 1712 corpora,
1963 1653 2011 1697 et
2032 1645 2240 1710 tantum]
2282 1646 2526 1709 Mutilus,

1457 1737 1542 1773 me
1556 1724 1764 1788 jndice,
1785 1725 2213 1789 Bambergensis,
2232 1724 2320 1789 qui
2346 1730 2527 1788 spreta

1458 1801 1621 1865 priori
1654 1814 1784 1851 voce
1824 1801 2042 1853 scribitt
2097 1814 2292 1865 οοηιοη
2339 1805 2528 1851 tantum

1456 1880 1638 1942 impetu
1656 1880 1833 1930 odida.
1903 1880 2039 1930 Nam
2065 1880 2353 1943 proceritas
2370 1879 2528 1928 etiam

1458 1956 1600 2006 inter
1655 1957 2034 2007 Germanorum
2076 1957 2316 2020 proprias
2360 1962 2529 2013 notas.

1460 2033 1674 2096 Lipsius.

1461 2138 1470 2145 ‹
1526 2111 1599 2159 Et
1623 2114 1811 2160 tuntum
1831 2111 1895 2160 ud
1932 2110 2157 2174 impetam
2178 2108 2358 2173 valida]
2391 2110 2530 2163 Scri·

1458 2188 1538 2239 bit
1548 2189 1583 2241 J
1588 2189 1786 2238 ustinus
1797 2188 2022 2239 Parthos
2032 2187 2382 2238 intolerandos
2395 2186 2532 2249 fore,

1459 2264 1504 2315 si
1528 2270 1751 2331 quantus
1773 2263 1850 2314 his
1890 2264 2114 2328 impetus
2137 2269 2238 2327 est,
2277 2264 2356 2313 vis
2379 2271 2530 2331 tanta

1461 2357 1524 2392 ae
1555 2332 1559 2335 ’
1586 2342 1979 2406 perseverantia
2032 2348 2190 2391 esset.
2256 2340 2410 2392 Quod
2462 2341 2530 2392 de

1462 2419 1736 2470 Germanis
1780 2418 1866 2468 hic
1907 2412 2139 2481 Tacitus,
2166 2418 2324 2468 etiam
2360 2416 2530 2468 Gallis

1460 2498 1647 2548 Florus
1686 2509 1753 2546 ιι.
1795 2500 1846 2546 4.
1889 2501 1947 2546 et
1975 2495 2154 2546 Livius
2184 2498 2530 2546 xxxvm.17.

1462 2580 1712 2639 tanquam
1749 2571 1928 2621 similis
1959 2571 2229 2636 utriusque
2251 2571 2421 2635 gentis
2441 2571 2532 2623 ha.

1462 2650 1622 2714 bitus,
1641 2649 1894 2701 tribuunt.
1927 2648 2014 2699 Sic
2035 2648 2192 2698 etiam
2216 2647 2304 2697 lib.
2326 2660 2530 2697 xxxiv.

1459 2733 1545 2779 47.
1568 2736 1626 2779 et
1663 2740 1844 2777 xxxv.
1867 2731 1917 2775 5.
1973 2724 2212 2790 Apparet
2225 2724 2385 2788 igitur
2407 2724 2533 2774 Gal·

1461 2806 1543 2855 los
1578 2805 1693 2854 illos
1735 2809 1937 2854 veteres
1977 2810 2035 2853 et
2073 2802 2365 2853 Germanos
2400 2801 2530 2852 mire

1462 2883 1787 2946 convenisse,
1859 2887 2109 2955 quantuni
2138 2902 2141 2905 ¹
2173 2880 2241 2929 ad
2296 2885 2533 2930 naturam

1464 2975 1621 3024 quum
1655 2972 1931 3023 corporum
1957 2962 2069 3007 tum
2102 2957 2389 3007 animorum
2412 2955 2534 3006 atti-

1462 3047 1573 3089 net.
1640 3038 1920 3088 Enimvero
1965 3034 2089 3085 satis
2122 3034 2321 3084 iudicat
2351 3033 2532 3084 Caesar

1464 3129 1649 3165 comm.
1691 3128 1770 3165 vr.
1796 3113 1907 3177 jam
1948 3118 2060 3161 tum
2089 3111 2290 3174 Gallos,
2319 3111 2389 3161 ob
2413 3125 2533 3174 pro-

1462 3192 1809 3257 pinquitatem
1825 3198 1878 3239 et
1891 3188 2343 3240 transmarinarum
2359 3198 2534 3237 rerum

1465 3270 1710 3319 noticiam
1733 3268 1894 3317 multa
1918 3266 1984 3314 ad
1998 3265 2206 3328 copiam
2224 3271 2384 3328 atque
2409 3278 2531 3315 usus

1463 3347 1798 3410 largientem,
1834 3341 2146 3394 imbelliores
2189 3341 2443 3404 redditos,
2468 3354 2534 3391 ae

1466 3423 1716 3488 paulatim
1759 3419 2078 3470 assuefactos
2122 3419 2370 3483 superari,
2402 3418 2536 3470 mul'-

1464 3499 1639 3564 tisque
1678 3498 1846 3548 victos
1885 3495 2099 3561 proeliis,
2129 3510 2196 3544 ne
2235 3509 2293 3544 se
2320 3494 2534 3559 quidem

1462 3578 1604 3641 Ipsos
1649 3590 1768 3626 cum
1807 3574 2082 3626 Germanis
2108 3573 2307 3624 virtute
2322 3589 2534 3638 compa·

1464 3670 1601 3706 rare.
1666 3655 1752 3704 De
1790 3653 1972 3704 iisdem
1995 3652 2208 3702 Tacitus
2232 3651 2412 3715 Agric.
2447 3656 2531 3702 11.

1465 3731 1625 3783 Quod
1665 3736 1844 3782 tamen
1884 3730 1937 3779 iu
1996 3728 2371 3780 vetustissimos
2415 3728 2533 3778 illos

1465 3809 1647 3860 Gallos
1687 3809 1894 3858 minime
1914 3813 2230 3870 competere
2249 3811 2445 3868 potest,
2465 3803 2535 3855 de

1465 3900 1686 3952 qnorum
1733 3883 2041 3936 fortitudine
2093 3890 2211 3945 post
2259 3882 2439 3930 missas
2480 3880 2535 3930 in

1466 3963 1646 4014 Asiam
1668 3963 1895 4012 colonias
1918 3958 2056 4023 apud
2074 3958 2274 4008 Livium
2294 3968 2534 4007 xxxvtm

1467 4044 1548 4092 1⁷.
1581 4041 1677 4090 Cu.
1725 4038 1970 4087 Manlius.
2039 4033 2331 4084 Rutilarnm
2360 4047 2536 4083 eonn-

1466 4132 1579 4165 rum
1603 4125 2005 4179 magnorumque
2039 4110 2243 4160 artuum
2269 4121 2537 4172 argumen-

1467 4191 1524 4246 t'o
1554 4194 1908 4245 ‘Caledoniam
1951 4192 2237 4243 Britanniae
2258 4188 2539 4240 habitanti·

1465 4274 1564 4324 bus
1611 4270 1975 4324 Germanicam
2010 4268 2266 4332 originem
2289 4267 2539 4318 vendicat

1463 4351 1700 4403 Tacitus.
1713 4351 1801 4401 De
1815 4354 1975 4400 cantu
1991 4347 2535 4412 Germanorumque-n
