3009 4942
492 527 783 579 Proconsul
801 525 955 584 fieri?
987 526 1248 593 Rupere-n.
1312 526 1438 577 Non
1461 523 1558 575 dif-

492 604 647 659 ficilis
680 605 765 655 bic
802 605 991 669 nodus,
1018 606 1059 656 si
1093 603 1407 667 memineris,
1439 619 1556 670 qua

490 681 565 734 ud
586 688 745 745 caput
763 685 843 733 ³2.
864 683 1169 733 monuimus.
1238 681 1363 732 Asia
1396 688 1452 733 et
1487 680 1555 733 A·

491 755 644 819 stica,
662 760 757 810 διο.
785 760 815 789 “
884 760 1165 810 Gromoius.

556 837 772 886 Porross’
785 837 1117 900 seduxissent]
1150 835 1374 887 offendo
1387 837 1439 886 in
1456 837 1557 887 hae

490 913 683 980 phrasi.
749 916 928 973 Forte,
970 916 1014 963 ss·
1060 915 1113 964 tu·
1166 917 1257 964 duo
1308 915 1557 965 rexissent.

488 991 635 1054 Duo,
668 991 925 1040 Martialis
949 997 1006 1041 et
1028 990 1342 1043 Quirinalis:
1380 992 1481 1055 vel,
1506 990 1558 1041 τί

488 1067 548 1118 Β
562 1068 866 1118 direxissent.
916 1067 1115 1132 Aliquis
1137 1075 1310 1118 tamen
1331 1067 1556 1119 fortasse

488 1143 559 1198 »d
602 1151 794 1193 sortem
838 1143 972 1193 haud
1016 1144 1150 1193 male
1196 1145 1447 1194 traxerit:
1500 1149 1558 1194 et

487 1220 731 1279 duxerint,
787 1221 842 1270 id
886 1228 967 1270 est
1018 1226 1159 1271 sorte
1209 1220 1555 1272 extraxerint.

488 1295 699 1362 upum.
978 1323 984 1327 ’

551 1375 823 1425 Duris-sent
837 1373 1129 1439 maenadas]
1170 1375 1185 1403 ‘
1207 1374 1482 1426 Proximus
1503 1391 1556 1426 e·

487 1452 1018 1516 rat,collata.'1ta
1072 1452 1305 1516 κληρωτοὶ
1339 1453 1466 1503 dicti
1501 1454 1556 1503 iu

483 1528 604 1579 loco
624 1529 827 1592 Dionis,
845 1544 999 1594 quem
1022 1529 1215 1580 adduxi
1241 1545 1414 1595 supra,
1438 1546 1558 1596 pro·

485 1605 775 1655 vinciamm
804 1608 1127 1672 publicarum
1152 1608 1419 1672 praesides.
1487 1611 1560 1662 Et

484 1681 655 1732 Tacit.
697 1698 812 1747 sup.
855 1685 890 1734 l.
930 1699 992 1736 11.
1039 1687 1055 1713 ⁸
1084 1687 1247 1750 majus
1284 1686 1560 1751 imperium

488 1774 696 1826 quoquo
735 1761 948 1825 adisset,
980 1777 1130 1828 quam
1166 1764 1261 1828 bis,
1295 1765 1382 1831 qui
1414 1773 1558 1817 sorte

488 1843 580 1888 aut
600 1838 761 1889 missu
799 1841 1056 1906 Principis
1089 1841 1428 1893 obtinerent!
1489 1841 1559 1892 Id

487 1921 591 1978 est,
612 1931 763 1980 quam
781 1917 1015 1968 omnibus
1029 1919 1406 1983 provinciarum
1421 1934 1558 1984 prae·

485 1991 704 2055 sidibus,
728 1993 838 2043 sive
862 1993 898 2042 ii
920 1993 972 2043 in
997 1995 1177 2059 populi
1200 1995 1420 2049 Romani
1440 2010 1559 2060 pro-

483 2065 686 2131 vinciis,
703 2067 813 2117 sive
845 2068 901 2118 in
921 2070 1243 2121 Caesarianis.
1311 2070 1559 2122 Praesidi-

484 2141 584 2195 bus
608 2143 736 2209 dixi,
749 2145 872 2211 quia
891 2161 1077 2197 nomen
1097 2147 1151 2198 id
1168 2149 1290 2198 olim
1309 2150 1557 2212 generale

482 2220 736 2287 utrisque,
748 2222 884 2288 quod
899 2230 1079 2288 postea
1095 2225 1277 2290 injure
1289 2231 1465 2275 nostro
1479 2241 1558 2276 re-

484 2297 717 2350 strictius
736 2298 1086 2351 observatum.
1132 2302 1353 2367 Gellius,
1372 2316 1450 2354 ιι.
1472 2309 1555 2354 11.

428 2440 432 2443 ἡ
482 2374 502 2404 ‘
520 2373 606 2424 Ad
620 2374 986 2441 Philosophum
996 2378 1229 2429 Taurum
1242 2384 1457 2431 venerat
1474 2382 1557 2430 vir

482 2450 793 2503 clarissimus
811 2468 1003 2518 praeses
1020 2455 1194 2505 Cretae
1218 2457 1503 2520 provinciae
1520 2455 1555 2507 :¹

483 2541 601 2592 quoe
628 2535 775 2578 certe
809 2529 863 2578 in
892 2531 1075 2595 populi
1107 2531 1328 2583 Romani
1348 2534 1556 2598 provin·

481 2604 599 2667 ciis,
632 2611 689 2655 et
722 2606 770 2656 ei
804 2609 1098 2671 proconsul.
1162 2611 1234 2660 Et
1267 2625 1334 2661 ne
1369 2619 1558 2677 posteo

478 2688 712 2733 mutasse
733 2683 939 2748 credas,
959 2686 1096 2736 idem
1121 2687 1325 2738 Gellius
1346 2687 1452 2739 fine
1471 2704 1556 2739 ca-

479 2759 605 2823 pitis
638 2766 818 2811 vetat:
852 2763 870 2791 ‘
892 2761 1078 2814 sedeat
1112 2763 1199 2814 hic
1238 2763 1443 2829 potius,'
1476 2765 1554 2815 in·

480 2833 619 2898 quit,
641 2833 659 2862 ‘
680 2835 771 2900 qui
802 2836 984 2901 populi
1024 2837 1178 2888 Rom.
1215 2839 1554 2904 magistratus

480 2909 603 2960 est!
635 2911 897 2962 Mercerus.
963 2911 1087 2962 Non
1114 2913 1229 2965 haec
1261 2919 1408 2965 recte
1440 2930 1553 2966 cor-

480 2988 737 3052 ruptionis
760 2995 1065 3054 arguuntur.
1128 2992 1316 3042 Ducere
1348 3007 1444 3058 pro
1473 3010 1551 3045 re-

403 3094 422 3111 .
474 3078 592 3128 gere
615 3065 765 3130 cujus
779 3065 1039 3125 παθητικὸν
1050 3068 1189 3131 apud
1202 3067 1380 3121 Plaut.
1402 3071 1419 3100 ‘
1437 3074 1551 3123 Du·

477 3147 673 3192 cuntur
714 3143 886 3192 omnia
928 3144 1035 3194 Dei
1071 3147 1238 3197 nutu.’
1315 3147 1550 3215 Indeque

477 3215 677 3266 ducatus
693 3223 753 3269 ut
771 3219 1002 3282 regimen
1014 3220 1164 3272 Suet.
1183 3223 1239 3272 in
1258 3225 1390 3276 Ner.
1402 3241 1449 3276 c.
1463 3232 1548 3278 ³4.

516 3291 827 3358 Privignum
852 3295 1115 3347 Ruffinum
1138 3299 1433 3364 Crispinum
1453 3302 1550 3354 im-

476 3367 730 3434 puberem
754 3372 941 3436 adhuc,
964 3373 1085 3439 quia
1105 3373 1373 3427 ferebatur
1394 3378 1549 3430 duca·

478 3450 583 3509 tus,
604 3452 662 3496 et
695 3447 913 3511 imperia
946 3449 1163 3501 ludere!
1227 3452 1402 3518 Juuge
1426 3471 1552 3505 eun-

477 3522 600 3574 dem
622 3524 677 3575 in
698 3527 813 3577 Tib.
837 3533 918 3579 19.
948 3529 964 3558 ‘
994 3529 1219 3581 Ostento
1236 3533 1335 3583 sibi
1358 3549 1421 3584 ac
1442 3549 1548 3585 ma·

465 3603 674 3668 juribus
694 3607 799 3657 suis
828 3609 881 3658 in
910 3611 1050 3662 omni
1081 3610 1272 3663 ducatu
1295 3615 1549 3679 expertis·

473 3680 643 3733 fimo)
706 3683 794 3734 Sic
830 3686 1116 3738 moderatio
1154 3689 1418 3753 legionum
1457 3705 1548 3742 ex-

474 3759 719 3824 primitur
753 3763 892 3827 apud
925 3765 1092 3815 Tacit.
1117 3766 1257 3817 Hist.
1275 3780 1365 3818 111.
1397 3771 1414 3797 ‘
1435 3767 1547 3818 Ad-

476 3843 636 3884 sentu
684 3836 873 3889 deinde
915 3839 1129 3893 duarum
1182 3841 1463 3908 legionum,
1513 3859 1545 3895 e

476 3912 660 3976 quihus
716 3916 920 3965 tertiam
981 3916 1171 3967 Dillius
1222 3918 1547 3984 Aponianus,

476 3999 716 4040 astaram
758 3992 1022 4042 Numisius
1062 3995 1242 4059 Lupus
1282 3995 1544 4051 ducebat!

480 4064 560 4112 Ad
588 4084 704 4128 quse
725 4066 957 4121 faciunt:
995 4072 1012 4100 ‘
1030 4071 1136 4122 Sex
1155 4073 1317 4122 millia
1336 4074 1545 4126 Dalma-

480 4148 644 4192 tarum
684 4160 863 4197 recens
896 4147 1120 4200 dilectus
1143 4148 1543 4216 comitabantur,

476 4216 576 4268 dun:
584 4220 702 4272 shut
721 4222 978 4292 Poppaeus
991 4226 1198 4280 Silanus
1217 4229 1542 4282 consularis?

380 4600 504 4732 k.

1182 380 1402 432 10⁸1·AE
1447 379 1854 433 vammum
1903 379 1984 429 nt

1634 525 1914 578 Seli-erius.
1977 524 2174 578 sustuli
2201 524 2325 576 bine
2346 524 2606 576 stellulsn
2627 524 2695 576 ab

1634 604 1747 655 aliis
1785 604 2026 668 positam,
2060 618 2180 654 cum
2214 603 2412 653 nullum
2448 604 2518 652 sit
2553 616 2696 653 meu-

1633 679 1775 743 dum,
1811 680 2123 738 intelligitur
2160 679 2298 729 enim
2339 678 2602 741 duxioeeut,
2640 676 2695 727 id

1632 763 1734 818 est,
1754 757 2134 816 sortitiessent‚
2150 756 2232 805 vel
2250 762 2391 804 sorte
2409 755 2699 819 duxissent,

1632 833 1770 898 quod
1813 835 2056 884 Mercero
2094 835 2250 884 etiam
2296 834 2560 898 probatur.
2613 832 2699 882 Pi-

1631 913 1793 964 caena.
1860 914 2165 977 Suspectum
2188 913 2323 977 aliis,
2357 918 2431 975 et,
2453 917 2513 961 ut
2535 910 2700 976 aiunt,

1631 1004 1735 1040 nou
1757 990 1914 1041 dubie
1935 996 2237 1056 corruptum
2266 989 2498 1040 verbum.
2565 987 2699 1037 Mihi

1632 1082 1786 1118 sanus
1810 1075 1865 1117 et
1887 1068 2090 1131 integer
2110 1069 2273 1129 locus,
2314 1065 2477 1131 proba
2497 1064 2697 1130 phrasis

1632 1144 1856 1195 videtur.
1925 1146 2116 1195 Ducere
2146 1144 2417 1210 provincias
2449 1141 2698 1192 subintel·

1631 1221 1738 1286 lige
1772 1227 1915 1281 sorte,
1953 1229 2012 1271 ut
2043 1220 2182 1271 idem
2223 1221 2308 1284 sit,
2346 1219 2484 1286 quod
2523 1217 2698 1269 sortiri

1632 1298 1943 1361 provincias.
2013 1298 2085 1348 Et
2114 1297 2200 1346 bic
2226 1299 2242 1325 ‘
2269 1296 2501 1358 Servius,
2534 1300 2595 1346 nt
2625 1292 2700 1343 A·

1631 1374 1760 1425 siam
1796 1373 1985 1440 [verba
2004 1382 2127 1424 sunt
2146 1374 2323 1424 Taciti
2343 1373 2526 1438 ipsius]
2556 1377 2699 1422 sorte

1630 1452 1866 1516 baberet,
1885 1452 2221 1517 postulabat?
2283 1451 2546 1502 Ασίάαίία.

1699 1530 1812 1580 Nou
1842 1530 2154 1593 emulatio-u]
2198 1528 2248 1581 A
2283 1529 2495 1578 Mureto
2535 1532 2616 1577 est
2648 1541 2700 1577 e·

1633 1605 1913 1656 mendatio.
1981 1607 2125 1656 Male
2147 1605 2266 1656 libri
2293 1618 2489 1669 omnes,
2507 1605 2700 1654 amula·

1633 1682 1795 1733 tim.-
1842 1697 1963 1733 nam
2002 1683 2337 1749 perspicuum
2382 1687 2483 1744 est,
2530 1680 2702 1732 omnia

1630 1758 1745 1810 baec
1769 1759 2030 1825 respicere
2046 1759 2280 1821 verbum,
2298 1758 2567 1808 obnoxium.
2609 1756 2700 1807 Pi·

1635 1837 1820 1887 ebena.
1883 1837 2014 1901 Leg.
2048 1835 2368 1887 aemuldioni:
2400 1840 2458 1885 et
2479 1834 2555 1885 ita
2577 1847 2705 1899 quo-

1633 1928 1736 1980 que
1772 1914 2033 1965 Muretus.
2111 1915 2225 1978 Ego
2263 1918 2437 1963 tamen
2480 1910 2700 1975 amplius

1631 1996 1716 2041 «unt
1736 1991 2039 2042 deleverim.
2089 1992 2220 2056 Leg.
2258 1991 2371 2040 Nou
2391 1987 2701 2052 mutiani,

1630 2084 1725 2119 non
1757 2061 1883 2133 odio,
1917 2068 2122 2134 priuatis
2149 2065 2494 2128 adfectionibus
2527 2064 2702 2113 obnox-

1629 2146 1747 2197 s'am.
1792 2147 1987 2196 Lector
2004 2146 2170 2196 serius
2190 2142 2452 2210 probabit.
2490 2139 2683 2192 deidei.

1696 2224 1835 2273 Cu.
1850 2223 2170 2287 59.Anspicia
2183 2219 2374 2283 mum]
2392 2220 2588 2269 Lucem
2607 2217 2701 2269 dat

1628 2299 1765 2351 Livii
1776 2301 1923 2350 locus
1942 2301 1977 2352 l.
1996 2313 2144 2350 xxlt.
2160 2299 2228 2350 de
2242 2299 2304 2350 C.
2320 2296 2597 2357 Flaminio,
2611 2293 2702 2362 qui

1631 2384 1755 2428 ante
1779 2378 1964 2428 initum
1988 2377 2322 2428 Consulatum
2344 2371 2615 2439 profectus
2636 2371 2701 2422 ab

1632 2455 1777 2507 urbe.
1797 2455 1815 2485 ⁴
1838 2455 1992 2509 Quod
2016 2455 2151 2506 enim
2170 2453 2249 2503 illi
2261 2453 2464 2518 justum
2486 2449 2699 2515 imperi·

1630 2546 1734 2595 um,
1745 2531 1881 2598 quod
1893 2531 2180 2596 auspicium
2193 2528 2336 2580 esse?
2354 2527 2701 2591 Magistratus

1627 2608 1684 2659 id
1706 2624 1737 2660 a
1756 2609 1931 2672 domo,
1953 2608 2177 2674 publicis
2200 2604 2516 2671 privatisque
2539 2617 2698 2668 pena·

1629 2684 1792 2748 tibus,
1811 2685 2011 2735 latinis
2032 2682 2177 2733 feriis
2195 2681 2348 2743 actis,
2368 2679 2625 2730 sacrificio
2643 2679 2696 2729 in

1627 2769 1807 2815 moute
1827 2761 2093 2828 perfecto,
2110 2751 2244 2812 votis
2279 2761 2382 2811 rite
2410 2761 2471 2808 in
2487 2759 2699 2824 Capito·

1626 2839 1698 2890 lio
1720 2841 2052 2905 nuncupatis,
2070 2853 2247 2889 secum
2275 2836 2441 2888 ferret
2460 2851 2562 2886 nec
2593 2836 2697 2901 pri·

1625 2924 1805 2968 vatum
1837 2916 2075 2982 auspicia
2107 2915 2286 2981 sequi:
2325 2927 2424 2964 nec
2461 2913 2575 2963 sine
2609 2927 2697 2962 an·

1624 2994 1802 3060 spiciis
1834 2993 2132 3060 profectum
2152 2994 2207 3043 in
2230 2998 2448 3042 externo
2482 3006 2555 3042 ea
2586 2992 2697 3042 solo

1622 3085 1760 3123 nova
1797 3077 1956 3138 atque
1978 3071 2183 3135 integra
2205 3070 2484 3134 concipere
2509 3065 2696 3134 posse!

1621 3147 1769 3200 vide.
1804 3148 1964 3198 etiam
2007 3163 2125 3213 quae
2165 3145 2234 3197 de
2271 3146 2524 3211 auspiciis
2557 3144 2697 3196 iufra

1620 3227 1815 3291 scribo,
1845 3227 1885 3278 l.
1904 3240 1980 3278 ιν.
2026 3227 2238 3290 Lipsius.

1683 3304 1880 3354 Beuum
1914 3303 2116 3368 scilicet]
2171 3302 2293 3354 Nou
2331 3302 2469 3354 male
2513 3302 2696 3365 etiam,

1620 3377 1762 3429 bello:
1793 3379 1922 3445 sive,
1941 3379 2214 3431 bellosam.-
2245 3379 2338 3429 sed
2352 3378 2694 3432 distinctione

1619 3455 1855 3510 adbibita
1895 3457 2166 3508 commode
2219 3456 2511 3508 servaveris
2565 3457 2694 3508 illud

1619 3531 1787 3597 prius.
1843 3532 2062 3596 Lipsius.

1685 3610 1876 3661 Bellen
1891 3609 2094 3674 scilicet]
2117 3607 2322 3673 Lipsius
2333 3609 2539 3672 ait,non
2555 3609 2697 3659 male

1619 3686 1723 3752 legi
1746 3701 1918 3753 posse,
1939 3687 2097 3738 Bello.
2162 3687 2275 3751 Ego
2295 3685 2522 3749 mallem,
2550 3686 2701 3736 Bello.

1617 3778 1726 3814 suns
1775 3764 1974 3815 scilicet.
2043 3763 2293 3814 Picbena.
2375 3761 2692 3827 Utrumque,

1619 3840 1731 3890 sive
1763 3839 1932 3891 hennon
1968 3839 2079 3890 sive
2115 3839 2234 3890 bello
2261 3841 2426 3904 legas,
2463 3845 2691 3889 rectum.

1616 3916 1879 3969 Δείάαίία.
1944 3916 2132 3981 Immo,
2175 3915 2298 3982 quia
2339 3915 2472 3965 liber
2495 3916 2691 3967 unicus

1617 3993 1804 4056 bellun,
1842 3995 1979 4044 male
2016 4000 2074 4044 et
2109 4007 2214 4043 non
2255 3998 2399 4042 recte
2442 3990 2689 4057 subjicies

1615 4071 1752 4133 hello,
1775 4073 1877 4123 etsi
1896 4072 2066 4123 oratio
2104 4071 2308 4139 reliqua
2341 4070 2396 4121 id
2432 4068 2589 4122 facile
2611 4068 2687 4120 fe-

1614 4157 1718 4203 rat.
1740 4148 1772 4180 ⁶
1837 4151 2123 4202 Gmnovioes.

1684 4228 1805 4280 fstcns
1844 4230 2050 4281 mm
2085 4226 2454 4294 peragrantem]
2500 4226 2684 4280 Scribo
