3009 4942
491 384 671 463 39⁰,ss

489 543 709 602 ‚Vitellio
729 556 845 608 cap.
874 547 953 594 15.
977 542 1154 593 vocari
1178 541 1386 591 videtur
1426 540 1563 590 Tibe-

492 621 633 669 riana
649 621 839 669 domus.-
872 626 1153 683 potuerunt
1193 625 1365 668 tamen
1411 618 1563 671 simul

493 696 800 759 ,habitasse3
876 697 966 747 sed
1020 711 1125 746 non
1180 696 1299 745 ideo
1355 710 1563 761 quoque

490 772 905 828 ,transformanda
953 781 1069 825 erat
1110 775 1282 824 Taciti
1326 774 1562 839 scriptio,

492 867 648 918 quum
672 866 735 902 ea
756 853 907 917 longe
930 854 1180 918 majorem
1207 851 1427 902 haberet
1451 849 1561 901 effi·

487 929 708 985 Daciam.
765 930 989 981 Freinsh.

485 1052 500 1061 .
560 1006 778 1057 Tiberius
820 1008 1027 1056 civiliter
1066 1003 1256 1067 habuit]
1302 1004 1560 1057 Ovidius:

490 1081 508 1147 ξ
532 1083 759 1135 Exercet
784 1099 1057 1147 memores,
1091 1084 1366 1147 plusquam
1394 1080 1561 1133 civili-

490 1166 576 1209 ter
599 1158 738 1211 iras!
787 1161 924 1210 Vide
947 1176 1063 1226 quse
1084 1160 1147 1209 ad
1173 1161 1263 1215 lib.
1287 1173 1325 1208 1.
1344 1156 1562 1210 adnota-

485 1236 668 1301 yimuS.
732 1238 970 1288 Muretus.

560 1314 771 1364 Etiamsi
791 1315 991 1379 impetus
1027 1312 1322 1378 offensionis]
1354 1313 1418 1363 In
1439 1327 1561 1363 ean-

488 1390 607 1453 dem
650 1392 972 1441 sententiam
1033 1391 1247 1440 Homer.
1302 1387 1455 1439 Iliad.
1497 1395 1558 1438 A.

489 1465 563 1518 (VS.
603 1473 688 1520 81.
741 1469 884 1532 Εἴπερ
929 1464 1023 1532 ’γάρ
1072 1486 1129 1516 τε
1187 1465 1417 1529 χόλονγε,
1458 1469 1556 1516 &c-

487 1545 541 1609 ᾖ]
582 1552 684 1607 est,
715 1546 729 1574 ‘
753 1547 887 1596 Nam
924 1558 1217 1610 quanquam
1253 1544 1306 1591 in
1331 1557 1557 1606 praesens

486 1622 768 1681 violentem
813 1621 1089 1686 concoquit
1121 1621 1270 1681 iram,
1321 1620 1557 1684 Concep-

488 1706 596 1759 tam
620 1706 795 1751 tamen
820 1699 962 1765 illain
992 1698 1096 1748 alta
1129 1697 1225 1746 sub
1264 1703 1443 1746 mente
1476 1690 1557 1745 re-

465 1774 711 1839 condit!
760 1776 909 1826 Idem.

559 1853 864 1915 Pisonemque
899 1850 1119 1915 gravius]
1184 1850 1435 1901 Mendum
1477 1865 1557 1901 ar·

491 1934 657 1995 guunt
674 1929 854 1977 multa.
922 1929 1172 1991 Primum,
1192 1929 1328 1994 quod
1350 1944 1557 1979 accusa-

485 1998 746 2055 tor'nemo
787 2020 1081 2070 expressus,
1103 2004 1174 2056 ‘ut
1218 2002 1379 2055 solet:
1418 2007 1555 2072 quod

484 2082 721 2147 Tiberius
761 2083 878 2147 ipse
910 2083 1174 2132 incusasse
1206 2096 1323 2131 eum
1345 2082 1557 2146 dicitur,

484 2163 714 2215 insolens
731 2163 1073 2229 Imperatori:
1100 2165 1239 2229 quod
1265 2179 1384 2228 pars
1404 2180 1556 2214 accu-

484 2241 699 2291 sationis
736 2251 913 2305 spreta
973 2242 1183 2303 dicitur,
1227 2248 1285 2291 nt
1329 2241 1557 2291 atrocior

484 2333 643 2371 verce
694 2319 831 2384 quod
872 2335 977 2368 non
1013 2320 1274 2375 evenisset
1305 2318 1557 2383 Principe

485 2402 784 2447 accusante.
854 2397 937 2447 Ne
980 2394 1094 2460 quis
1130 2394 1277 2444 dicat
1307 2409 1409 2443 non
1434 2395 1556 2457 legi·

484 2472 661 2523 rimam
691 2473 1086 2529 accusationem
1131 2470 1309 2534 fuisse,
1353 2477 1554 2520 tantum

483 2549 749 2612 Principis
811 2548 1157 2599 mandatumz
1215 2561 1339 2596 ecce
1391 2546 1557 2610 addit,

388 2629 394 2635 '
484 2625 758 2684 ceterorum
778 2631 990 2690 receptus
1026 2629 1098 2674 est
1115 2636 1239 2685 reus,
1271 2639 1416 2688 neque
1446 2639 1553 2687 per·

479 2706 612 2750 uetus
632 2703 689 2750 ob
719 2708 918 2751 mortem
950 2707 1276 2765 opportunam.
1342 2699 1417 2750 At
1435 2715 1552 2750 reus

479 2779 647 2842 recipi
692 2779 801 2827 sine
849 2784 1152 2827 accusatore
1206 2791 1311 2826 non
1360 2772 1552 2840 potuit.

480 2846 622 2918 Lego
677 2855 855 2918 igitur,
925 2856 1145 2905 Pisonem
1181 2855 1245 2911 Q.
1287 2855 1552 2905 Grauius.*

479 2925 708 2997 Lipsius,
980 2984 986 2989 ,

550 3010 857 3073 Pisonemque
880 3008 1100 3071 gravius]
1165 3010 1291 3073 Leg.
1337 3010 1553 3060 Pisonem

485 3087 548 3143 Q.
576 3087 805 3136 Granius.
842 3088 1099 3138 Muretus.
1146 3086 1351 3148 Lipsius
1373 3087 1446 3136 ita
1471 3103 1551 3136 re·

482 3164 696 3215 stituit:
758 3165 977 3212 Pisonem
1021 3164 1082 3220 Q.
1130 3163 1360 3215 Granius.
1426 3165 1549 3215 Cor·

484 3248 638 3305 rupte
678 3247 836 3291 antea
878 3247 935 3291 et
987 3242 1196 3306 insulse,
1239 3241 1550 3306 Pisonemque

474 3316 692 3379 gravius.
756 3317 1007 3368 Pichena.

547 3394 771 3444 Relatum
808 3399 856 3444 et
893 3396 950 3444 de
998 3395 1161 3444 Cassio
1204 3395 1397 3459 Severo]
1454 3395 1552 3460 'De

469 3468 594 3532 ”ejus
665 3471 872 3534 ingenio
938 3472 1194 3522 videndus
1250 3473 1447 3531 Seneca
1498 3474 1550 3522 in

480 3547 687 3610 praefat.
725 3551 810 3599 lib.
841 3565 927 3600 111.
965 3553 1213 3601 ControV.
1256 3553 1412 3603 Hunc
1448 3555 1553 3618 pri-

477 3638 616 3685 rnum
637 3624 894 3676 affirmant
919 3624 1129 3677 flexisse
1155 3629 1219 3679 ab
1254 3629 1344 3678 illa
1373 3638 1551 3682 vetere

477 3707 635 3764 atque
659 3701 858 3752 directa
896 3704 1105 3753 dicendi
1144 3707 1250 3768 via,
1280 3714 1386 3755 non
1411 3708 1549 3757 iufir-

475 3779 662 3835 mitate
686 3781 895 3844 ingenii,
917 3783 1008 3831 sed
1029 3784 1236 3846 judicii.
1307 3787 1410 3835 Hic
1439 3802 1550 3837 nos-

478 3864 579 3917 ter,
598 3873 689 3907 seu
712 3859 904 3908 Fabius
929 3860 980 3908 in
1011 3861 1233 3923 Dialogo
1270 3861 1336 3911 de
1362 3863 1550 3913 Orato-

476 3934 574 3985 rib.
641 3938 862 4003 Scripsit
907 3944 963 3987 et
1007 3937 1282 3988 Historias.
1346 3941 1546 3989 Tertul-

472 4012 636 4063 lianus
666 4014 728 4063 in
759 4013 1123 4079 Apologetico.
1188 4017 1471 4067 Suetonius
1492 4018 1544 4066 in

474 4090 710 4140 Vitellio.
746 4092 984 4140 Muretus.

541 4167 642 4215 Per
663 4169 939 4218 immodicas
966 4168 1266 4232 inimicitias]
1329 4169 1549 4232 Suspec-

474 4246 601 4292 tum.
662 4243 875 4306 Lipsius.

487 4364 499 4371 .
539 4319 640 4368 Per
654 4318 927 4372 inmodicas
942 4321 1244 4385 inimicitias]
1277 4321 1307 4378 ἶ·
1327 4322 1550 4386 Suspec-

1192 396 1409 449 No‘rAE
1456 393 1857 445 vri-mosum
1912 393 1991 446 ιΝ
2026 454 2037 463 ,

1634 546 1743 591 tum
1765 546 1847 590 est
1882 539 2006 590 viris
2047 539 2244 604 maguis
2264 537 2394 589 illud
2425 536 2703 598 inimicitius

1633 616 1807 668 forsan
1858 619 1970 668 sine
2035 633 2191 668 causa
2244 616 2428 667 solida.
2512 615 2700 683 Ecquis

1632 696 1769 759 enim
1790 701 1891 758 est,
1915 695 2003 761 qui
2026 709 2128 744 non
2148 696 2326 744 statim
2356 693 2532 743 oderit
2547 694 2706 744 homi·

1632 789 1754 823 num
1793 775 1895 823 ista
1915 772 2297 834 mendicabula,
2319 772 2508 822 canino
2522 785 2613 821 ore
2637 785 2699 822 ac

1632 851 1791 907 dente
1813 851 2122 916 impetentis
2143 865 2205 901 ac
2242 849 2530 900 lacerantis
2568 849 2700 915 opti·

1630 944 1770 978 mum
1790 929 2079 994 quemque?
2113 943 2234 978 sane
2275 932 2330 977 et
2371 927 2503 977 tales
2526 925 2705 977 formi-

1633 1004 1831 1055 dabiles
1857 1005 2071 1055 Senatui
2108 1005 2229 1069 ipsi,
2265 1004 2500 1069 pluribus
2533 1011 2703 1059 osten·

1632 1082 1832 1145 derem,
1853 1082 1957 1133 nisi
1994 1081 2048 1131 id
2070 1080 2266 1146 liquido
2287 1081 2409 1130 satis
2432 1081 2499 1131 ob
2522 1082 2702 1130 oculos

1631 1166 1850 1224 poneret
1867 1158 2019 1209 unica
2055 1158 2270 1209 historia
2293 1158 2478 1207 Taciti.
2547 1158 2701 1208 Unde

1632 1236 1789 1286 etiam
1812 1236 2026 1303 accidit,
2047 1243 2105 1286 ut
2127 1235 2332 1302 quoties
2366 1235 2491 1285 data
2508 1250 2543 1285 a,
2563 1236 2705 1300 prin·

1631 1314 1748 1378 cipe
1769 1314 1972 1364 occasio
2015 1312 2351 1362 subvertendi
2376 1312 2522 1376 istos,
2563 1314 2705 1380 laetis.

1629 1391 1684 1441 id
1710 1393 1866 1441 etiam
1901 1390 2085 1441 animis
2123 1389 2483 1454 praestiterint.
2556 1390 2705 1443 Fidei

1631 1484 1788 1518 causa
1813 1468 2021 1518 adnoto.
2088 1467 2226 1517 Anu.
2270 1466 2357 1516 lib.
2402 1480 2499 1535 1v.¹
2526 1471 2606 1517 ⁷1.
2646 1473 2701 1517 et

1631 1544 1770 1596 Ann.
1810 1560 1883 1595 vr.
1929 1550 1980 1595 4.
2019 1550 2075 1594 et
2110 1549 2191 1594 10.
2228 1550 2284 1594 et
2322 1544 2414 1595 lib.
2448 1558 2577 1595 xm.
2617 1549 2700 1594 42.

1630 1625 1767 1675 Nam
1800 1624 1938 1674 haud
1976 1628 2184 1688 semper
2202 1623 2404 1673 licuisse
2427 1624 2504 1672 nti
2529 1623 2581 1672 in
2605 1623 2699 1674 hos

1629 1703 1749 1753 stilo
1773 1702 2084 1764 decretorio,
2107 1703 2240 1752 bene
2264 1703 2464 1752 monuit
2484 1703 2699 1753 Tacitus

1628 1779 1767 1829 Anu.
1818 1793 1893 1830 ιν.
1925 1785 2009 1829 36.
2068 1781 2321 1830 Gruterus.
2391 1781 2698 1844 Suspectum

1627 1855 1685 1909 id
1707 1857 1819 1906 viro
1842 1856 2156 1919 doctissimo,
2179 1872 2278 1907 nec
2301 1856 2369 1915 ob
2401 1872 2555 1922 quam
2580 1872 2701 1907 cau·

1629 1951 1739 1990 sam
1783 1936 1859 1986 ira
1898 1937 1985 1998 sit,
2029 1936 2244 1986 indicat.
2332 1936 2445 1998 Ego
2489 1935 2697 2000 quidem

1627 2014 1821 2073 nullam
1866 2012 2039 2075 video,
2081 2027 2199 2073 cum
2231 2010 2301 2061 sit
2344 2011 2448 2060 iste
2472 2010 2704 2075 Cassius.

1628 2091 1772 2154 cujus
1828 2090 2091 2153 ingenium
2147 2089 2432 2137 violentum
2485 2094 2698 2136 notatur

1628 2167 1786 2217 etiam
1821 2182 1888 2218 ex
1932 2167 2136 2229 dialogo
2173 2166 2240 2214 de
2274 2164 2489 2233 Orator.
2526 2180 2575 2217 c.
2611 2167 2694 2215 26.

1628 2250 1739 2294 tum
1758 2245 1820 2294 iis
1851 2260 1967 2309 quae
2004 2243 2217 2307 collegit
2254 2240 2495 2290 Andreas
2515 2240 2701 2289 Schot-

1631 2327 1712 2373 tus
1734 2321 1783 2370 in
1805 2320 1986 2371 libello
2008 2320 2074 2370 de
2096 2320 2248 2369 claris
2280 2316 2421 2381 apud
2442 2317 2694 2367 Senecam

1629 2396 1957 2455 Rhetoribus.
2026 2396 2284 2446 Plurimos
2322 2409 2450 2458 ergo
2482 2408 2693 2464 accusa7

1629 2477 1722 2538 vit,
1759 2482 1814 2526 et
1852 2490 2060 2538 prorsus
2094 2474 2207 2539 sine
2244 2470 2417 2531 modo,
2440 2485 2571 2537 ‚cnm
2597 2472 2703 2533 nec*

1629 2566 1752 2614 opes
1771 2551 2201 2615 cujusquam‚nec
2223 2548 2531 2611 dignitatem
2555 2563 2699 2605 vere,-

1627 2633 1792 2691 retur,
1833 2641 1924 2676 suo
1946 2628 2150 2691 ingenio
2175 2626 2326 2675 dicax
2360 2632 2416 2673 et
2458 2624 2698 2688 acerbus,

1627 2705 1812 2770 quibus
1855 2704 2011 2754 rebus
2048 2704 2207 2754 etiam
2239 2703 2293 2751 iu
2337 2701 2495 2751 exilio
2532 2715 2693 2750 novos
2782 2702 2787 2705 “

1626 2781 1856 2833 inimicos
1877 2783 1974 2832 sibi
1998 2780 2289 2843 suscitavit,
2313 2780 2399 2846 qui
2422 2778 2571 2843 hujus
2594 2776 2694 2829 loci

1627 2874 1807 2912 sensus
1825 2866 1921 2911 est.
1979 2859 2197 2919 Freinsh.

1690 2937 1823 2987 Saxo
1845 2936 2087 2999 Seriphio]
2136 2934 2381 2984 Fabulam
2408 2933 2473 2982 de
2498 2933 2694 2982 Perseo

1623 3014 1742 3078 lege
1768 3013 1905 3077 apud
1941 3014 2245 3063 Strabonem
2283 3011 2348 3060 ad
2385 3010 2537 3061 finem
2576 3012 2612 3061 l.
2638 3023 2692 3063 x.

1624 3108 1743 3158 quae
1787 3094 1922 3143 bunc
1968 3094 2137 3147 locum
2179 3090 2396 3140 mirifice
2443 3091 2693 3140 illustrat.

1623 3173 1861 3221 Muretus.
2496 3204 2501 3213 ·
2636 3157 2663 3229 ⁸,

1689 3248 1824 3297 Car.
1848 3253 1931 3298 22.
1967 3246 2190 3296 Plautius
2211 3245 2456 3309 Silvanus]
2500 3244 2692 3317 Similis

1624 3330 1678 3372 at
1700 3339 1805 3377 non
1827 3324 2006 3374 eadem
2030 3340 2131 3387 τες,
2163 3327 2263 3374 &c.
2287 3323 2317 3352 '¹
2350 3324 2437 3372 De
2461 3323 2557 3372 hoc
2579 3323 2690 3387 ipso

1624 3406 1796 3450 autem
1821 3402 2033 3451 Plautio
2058 3401 2187 3464 lapis
2209 3418 2222 3450 ε
2254 3416 2259 3417 ’

1686 3490 1763 3526 τι.
1799 3492 2056 3528 ΡιΑνΤῐο.
2092 3494 2155 3529 Μ.
2190 3492 2240 3529 F.
2278 3492 2341 3528 Μ.
2375 3491 2432 3528 Ν.

1689 3567 1940 3604 SILVANO.
1972 3568 2196 3604 AEuano

1689 3644 1909 3680 Pon-rm.
1943 3644 2158 3681 sonam.
2192 3643 2499 3680 AvcvsTAu

1687 3721 1772 3758 111.
1806 3722 1920 3758 vin.
1957 3721 2008 3758 A.
2040 3721 2094 3758 A.
2127 3720 2182 3759 Α.
2216 3722 2264 3758 F.
2298 3721 2346 3757 F.
2382 3721 2437 3761 Q.
2470 3721 2548 3758 τι.
2583 3719 2690 3759 cAE-

1753 3799 1904 3834 sams
2194 3784 2201 3791 ’
2394 3786 2397 3791 ’

1688 3875 1812 3910 nne.
1852 3876 1975 3914 Leo.
2010 3877 2066 3912 V.
2101 3877 2182 3913 m.
2217 3875 2540 3915 GERMAMA.

1622 3937 1687 3986 Id
1710 3944 1809 3996 est,
1830 3939 2096 3988 Triumviro
2116 3955 2230 4007 auro
2245 3945 2444 4000 argento
2465 3935 2694 4001 oeriflan-

1620 4014 1679 4061 do
1700 4013 1951 4077 feriando,
1985 4014 2222 4072 Quoestori
2248 4014 2429 4074 {liberii
2456 4015 2578 4064 Gaes.
2599 4013 2693 4062 Le·

1616 4095 1732 4152 gato
1748 4091 1975 4152 Legionis
1995 4094 2191 4154 quintoe.
2256 4091 2481 4154 Lipsius.

1688 4167 1909 4217 Plautius
1933 4168 2177 4232 Silvanus]
2228 4168 2384 4231 Lapis
2424 4182 2578 4234 quem
2612 4180 2695 4225 re-⁶

1621 4244 1743 4293 tulit
1787 4244 2162 4295 eruditissimus
2196 4244 2422 4308 Lipsius,
2466 4259 2569 4294 non
2610 4248 2693 4294 est

1621 4321 1689 4370 de
1710 4320 1807 4372 hoc
1837 4322 2062 4374 Silvano.
2128 4323 2266 4374 Nam
2282 4322 2338 4374 in
2359 4335 2422 4383 eo
2451 4320 2690 4388 Plautius
