3009 4942
1006 404 1160 457 mn.-
1203 405 1255 457 1.
1302 390 2059 457 cAr.9.ANNA1.1un1.

421 556 455 593 a
473 541 693 610 lapider
713 545 1045 612 dissentiens,
1089 562 1216 599 vm.
1258 549 1485 599 nominat

408 620 566 672 Idus.
631 623 885 685 ‘Caesar',
931 626 1120 690 inquit,
1172 627 1377 677 ‘victor
1419 626 1483 676 ab

422 697 648 748 Oriente
692 701 911 761 rediens,
944 709 1187 751 octavum
1230 703 1356 752 Idus
1396 703 1484 753 Ja-

418 788 571 825 nuar.
622 776 800 825 urbem
854 779 1049 841 triplici
1097 780 1356 844 triumpho
1407 780 1483 827 in-

416 866 628 917 gressus
673 863 772 904 est.
840 855 961 905 Hoc'
1000 856 1082 904 die
1122 858 1337 920 primum
1376 856 1483 907 Au-

406 938 605 994 gustus
627 932 975 982 consalutatus
1000 941 1110 983 est:
1148 940 1304 998 atque
1335 949 1398 983 ex
1422 949 1485 982 ea

417 1006 505 1057 die
528 1021 724 1057 summa
750 1025 916 1059 rerum
941 1026 1003 1058 ac
1041 1017 1356 1073 potestatum
1395 1026 1482 1073 pe-

415 1094 507 1133 nes
533 1100 687 1133 unum
713 1101 826 1135 esse
849 1088 1009 1151 coepit
1033 1094 1086 1137 et
1111 1088 1318 1150 mansit,
1343 1088 1480 1153 quod

415 1160 593 1210 Graeci
635 1162 900 1226 μοναρχίαν
939 1164 1167 1215 vocant!
1256 1165 1480 1228 Longius

414 1237 622 1301 recedit
674 1240 1005 1301 Censorinus,
1047 1241 1135 1304 qui
1194 1241 1366 1304 rejicit
1428 1241 1479 1288 iu

417 1324 538 1364 xvt.
573 1315 695 1363 Kal.
732 1316 898 1366 Febr.
955 1317 970 1344 ‘
997 1317 1136 1365 Ante
1180 1315 1352 1378 diem,’
1404 1317 1480 1364 in-

413 1391 549 1454 quit,
603 1392 618 1418 ‘
646 1405 760 1443 xvr.
782 1394 923 1441 .Kal.
981 1393 1136 1444 Febr.
1194 1394 1254 1442 C.
1311 1394 1481 1445 Julius

401 1466 596 1519 -Caesar
626 1504 631 1507 -
661 1468 788 1517 Divi
814 1468 978 1517 ‘filius
1033 1468 1166 1533 Imp.
1216 1471 1479 1533 Augustus

406 1543 679 1591 sententia
715 1545 938 1593 Munatii
963 1545 1143 1593 Planci
1166 1545 1338 1593 dictus
1361 1544 1478 1594 est!

412 1618 640 1668 Ovidius
695 1621 822 1669 Idus
890 1621 1160 1670 dumtaxat
1213 1621 1476 1669 nominat:

410 1696 633 1747 ‘Idibus
668 1701 720 1748 in
755 1699 928 1762 magni
968 1704 1141 1747 custos
1181 1699 1328 1749 Jovis
1358 1699 1478 1748 ‘aede

411 1776 658 1824 sacerdos
700 1776 990 1825 Semimaris
1027 1773 1243 1825 flammis
1276 1777 1478 1825 viscera

410 1851 543 1900 libat
565 1852 691 1903 oviS.
745 1851 1074 1915 Redditaque
1098 1860 1179 1901 est
1201 1852 1364 1901 omnis
1388 1868 1476 1916 po-

410 1930 536 1992 pulo
572 1929 837 1992 provincia
871 1935 1072 1979 nostro:
1110 1931 1181 1978 Et
1223 1938 1340 1979 tuus
1374 1930 1477 1979 Au-

414 2014 565 2069 gusto
587 2008 792 2057 nomine
815 2007 988 2056 dictus
1012 2007 1168 2056 avus?
1224 2007 1329 2057 Sed
1352 2009 1478 2072 lapi·

411 2082 533 2135 dem
555 2099 653 2149 ego
676 2085 835 2134 credo
854 2100 1033 2134 verum
1054 2085 1249 2136 dicere.
1315 2087 1477 2135 Tertii

412 2161 638 2226 denique
682 2163 1025 2211 numerabant
1066 2178 1096 2210 a
1141 2163 1306 2226 primo
1361 2163 1474 2227 ejus

411 2241 712 2289 consulatu:
749 2241 953 2289 scilicet
976 2240 1097 2304 quia
1118 2241 1161 2287 is
1193 2239 1382 2302 gradus
1421 2246 1476 2289 et

413 2316 587 2366 aditus
624 2318 691 2365 ad
733 2317 958 2381 reliquos
997 2316 1232 2365 honores·
1301 2317 1352 2365 Is
1374 2315 1477 2366 fuit

409 2392 533 2443 '11V.
568 2394 688 2442 Kal.
735 2393 1084 2457 Septembres.
1153 2394 1282 2443 Eam
1321 2395 1477 2444 ratio·

410 2484 530 2521 nem
543 2477 763 2531 ‘secutus
781 2477 863 2520 est
880 2471 1193 2537 quicumque
1211 2470 1297 2520 ille
1322 2472 1476 2535 scrip—

412 2552 498 2597 tor
536 2546 602 2595 de
643 2548 833 2595 caussis
866 2554 1125 2610 corruptae
1149 2548 1476 2612 eloquentiae,

411 2625 500 2688 qui
542 2624 869 2688 imperitasse
895 2625 1181 2688 Augustum
1220 2625 1294 2673 ait
1329 2625 1473 2673 annis

410 2711 531 2750 ινι.
553 2700 767 2755 fallente
791 2715 1022 2763 numeru,
1041 2700 1135 2748 nisi
1160 2700 1222 2748 ad
1246 2702 1376 2750 lianc
1393 2715 1473 2750 ra-

411 2776 644 2827 tionem..
693 2778 864 2828 Quam
898 2778 1057 2839 ipsam
1095 2777 1259 2825 s‘ecuti
1282 2777 1473 2826 curiosi

411 2852 517 2918 isti,
542 2856 630 2919 qui
650 2855 854 2904 initium
870 2855 1090 2918 ,imperii
1114 2862 1169 2904 et
1190 2854 1344 2904 finem
1365 2854 1472 2904 Au-

413 2932 547 2996 gusti
574 2933 693 2980 vitae
716 2932 769 2979 iu
794 2932 1031 2980 eumdem
1061 2932 1215 2994 diem,
1237 2933 1470 2982 miraculi

411 3021 613 3070 caussa,
644 3006 1001 3056 conferebant.
1066 3009 1200 3057 Satis
1240 3008 1378 3058 dixi:
1415 3016 1470 3058 tu

414 3082 496 3133 abi
521 3083 654 3132 liber
677 3092 730 3133 et
753 3084 1050 3148 expeditus.
1083 3087 1291 3149 Lipsius,

473 3161 670 3221 Accepti
721 3163 951 3223 quondam
1002 3161 1191 3225 imperii
1227 3162 1471 3227 princeps]

412 3236 572 3288 Quasi
607 3248 762 3284 causa
806 3239 912 3284 ulla
948 3237 1105 3287 fuerit
1145 3254 1238 3288 cur
1279 3256 1341 3289 co
1383 3241 1470 3290 die

409 3313 537 3362 mori
556 3327 656 3361 non
681 3313 932 3374 deberet;
969 3322 1060 3364 aut
1093 3317 1381 3366 mirandum
1403 3318 1471 3366 sit

409 3389 512 3438 ullo
537 3389 620 3437 die
647 3390 901 3452 evenisse,
935 3380 1231 3454 quod'nullo
1254 3408 1354 3442 non
1380 3409 1470 3457 po-

411 3471 567 3514 terat.
639 3467 832 3514 Eodem
860 3466 982 3528 jure
1012 3468 1184 3516 mirari
1207 3476 1467 3531 poterant,

411 3542 548 3606 quod
576 3545 841 3605 Augustus
864 3544 1102 3606 Augusto
1140 3545 1470 3603 mense'mor-

409 3618 529 3667 suus
553 3619 720 3668 foret:
747 3620 874 3668 obiit
897 3621 1033 3668 enim
1058 3634 1176 3670 xlv.
1210 3621 1330 3672 Kal.
1343 3624 1469 3686 Sep-

407 3697 651 3747 tembris:
689 3705 743 3744 et
766 3697 901 3760 quod
927 3711 1026 3745 nou
1062 3699 1291 3760 paullum
1313 3699 1467 3748 etiam

407 3780 781 3836 exspectasset,
796 3782 853 3822 ut
873 3788 1047 3821 mense
1066 3775 1357 3837 Septembri
1383 3791 1467 3823 na-

409 3855 490 3899 tus
526 3849 708 3898 eodem
735 3848 911 3897 mense
934 3857 1251 3899 moreretur:
1291 3859 1348 3899 ut
1368 3852 1466 3900 hoc

408 3941 610 3990 quoque
628 3925 913 3974 referretur
928 3926 1064 3973 inter
1083 3927 1326 3975 miranda.
1362 3927 1466 3975 Ad-

404 4003 656 4052 mirabilis
698 4003 865 4050 videri
911 4012 1134 4066 poterat,
1177 4006 1310 4068 quod
1351 4020 1464 4054 cum

406 4081 610 4132 Quirini
651 4081 898 4142 templum
941 4081 1228 4142 dedicaret,
1266 4087 1469 4143 septua-

407 4160 550 4224 ginta
584 4175 677 4207 sex
719 4159 969 4221 columnis
1010 4159 1135 4207 illud
1183 4153 1466 4222 ornaverit,

405 4228 552 4301 quasi
570 4235 792 4286 totidem
817 4240 872 4283 se
895 4236 1052 4284 annos
1074 4236 1332 4287 victurum
1357 4252 1468 4287 esse

407 4312 659 4377 divinans.
723 4311 830 4363 Sed
868 4310 1139 4363 admiratio
1159 4313 1213 4362 in
1248 4313 1358 4364 aliis
1389 4329 1469 4364 sa·

2441 380 2619 461 37ae

1561 548 1772 613 pientiae
1793 547 2053 610 initium,
2039 546 2091 596 in
2125 545 2239 596 aliis
2273 545 2510 649 stultitiae
2545 538 2620 597 in·

1560 624 1751 673 dicium
1775 631 1872 673 cst.
1909 625 2147 672 Muretus.
2509 638 2515 647 ·

1624 705 1760 753 Nolae
1785 704 1854 752 in
1894 704 2025 751 domo
2065 707 2113 751 et
2155 701 2385 767 cubiculo]
2446 701 2620 752 stulte

1560 779 1875 828 mirabantur
1922 785 2143 842 tempus,
2184 777 2388 827 stultius
2431 778 2620 830 locum.

1561 856 1695 906 Quid
1738 855 1874 904 enim
1917 854 2076 904 habet
2118 854 2487 918 admirationis,
2518 866 2621 919 quo

1556 933 1612 981 in
1636 932 1875 982 cubiculo
1897 938 2127 981 mortuus
2154 934 2223 980 sit
2257 939 2424 993 pater,
2457 931 2511 979 in
2534 945 2620 980 eo·

1558 1009 1676 1058 dem
1730 1009 1892 1057 filium
1942 1009 2105 1057 mori?
2192 1008 2338 1056 Idem
2385 1006 2617 1070 quotidie

1557 1086 1731 1134 multis
1777 1087 1967 1138 evenit.
2037 1085 2143 1134 Ubi
2187 1085 2321 1133 euim
2360 1096 2617 1149 quemque

1558 1162 1900 1225 deprehendit
1941 1176 2095 1224 mors,
2118 1161 2190 1211 ibi
2214 1162 2262 1209 ei
2304 1175 2481 1210 manus
2505 1158 2622 1224 inji-

1556 1239 1651 1302 cit,
1687 1254 1850 1304 neque
1890 1245 2184 1302 exspectat,
2223 1237 2344 1287 dum
2386 1238 2440 1286 in
2474 1236 2617 1288 aliud

1556 1317 1846 1366 cubiculum
1873 1315 2234 1367 transferatur.
2270 1317 2422 1365 Idem.

1622 1393 1858 1442 Numerus
1879 1393 2022 1441 etiam
2047 1391 2390 1454 consulatuum]
2455 1389 2619 1442 Tertii

1556 1467 1744 1517 decimi
1767 1469 2062 1518 consulatus
2087 1466 2336 1518 memoria
2364 1474 2538 1518 exstat
2561 1473 2619 1518 et

1555 1545 1609 1592 in
1634 1547 1799 1594 veteri
1841 1546 2060 1611 quadam
2104 1545 2437 1609 inscriptione
2476 1545 2616 1610 apud

1556 1622 1848 1671 Fanestres.
1918 1621 2023 1671 Hic
2050 1622 2279 1687 quidam,
2314 1623 2401 1686 qui
2422 1621 2619 1672 scholia

1557 1699 1766 1762 scripsit
1787 1700 1840 1748 in
1862 1700 2115 1763 Tacitum,
2136 1701 2315 1764 inepte
2352 1701 2426 1748 ait
2443 1701 2539 1749 hac
2562 1700 2616 1748 in

1557 1791 1612 1825 re
1637 1777 1859 1826 Dionem
1885 1792 1915 1825 a
1935 1778 2114 1826 Tacito
2151 1784 2206 1827 et
2244 1775 2489 1825 Suetonio
2512 1776 2614 1826 dis·

1556 1854 1765 1902 sentire.
1800 1854 1977 1903 Tribui
1995 1854 2131 1904 euim
2149 1852 2384 1917 Augusto
2400 1867 2430 1901 a
2446 1852 2616 1903 Dione

1555 1930 1713 1979 etiam
1750 1931 2246 1996 quartumdecimum
2273 1929 2615 1994 consulatum,

1554 2022 1705 2071 quem
1729 2008 1949 2071 gesserit
1971 2023 2084 2056 cum
2112 2009 2170 2056 L.
2195 2006 2401 2055 AEmilio
2426 2005 2612 2054 Paullo

1554 2098 1687 2134 anno
1726 2085 1790 2134 ab
1835 2097 1887 2134 u.
1910 2099 1958 2133 c.
1983 2089 2100 2134 745.
2167 2084 2352 2150 Neque
2388 2081 2616 2131 animad-

1553 2163 1730 2226 vertit,
1761 2178 1864 2212 non
1887 2161 2182 2226 Augustum
2219 2163 2385 2226 ipsum
2421 2174 2616 2222 senem,

1552 2241 1640 2290 sed
1697 2241 1876 2290 Caium
1928 2240 2177 2304 Agrippae
2233 2240 2411 2302 filium,
2459 2250 2614 2303 quem

1551 2319 1897 2383 adoptaverat
1919 2319 2206 2383 Augustus,
2228 2308 2316 2367 illo
2342 2331 2472 2367 anno
2497 2330 2616 2366 con·

1551 2397 1712 2444 sulem
1734 2393 1914 2446 fuisse.
1981 2396 2139 2444 Hunc
2157 2397 2206 2444 ei
2231 2393 2453 2444 fortasse
2476 2406 2616 2442 erro-

1550 2487 1660 2520 rem
1697 2472 1891 2536 objecit
1930 2471 2220 2535 Xylander‚
2255 2470 2345 2534 qui
2386 2468 2613 2517 Diouem

1551 2535 1756 2598 vertens
1780 2547 1976 2610 primus
1999 2546 2065 2595 ad
2103 2547 2247 2594 illum
2272 2543 2497 2608 lapidem
2519 2543 2614 2592 im·

1550 2625 1713 2690 pegit.
1784 2625 1919 2673 Nam
1965 2638 2080 2672 cum
2127 2623 2315 2671 Graece
2355 2626 2518 2682 esset,
2558 2625 2612 2669 Γ.
2658 2623 2664 2629 ’

1549 2698 1824 2761 Αὐγούστου
1845 2698 1955 2763 υἱὸς,
1987 2699 2082 2747 nisi
2108 2699 2242 2764 quod
2264 2697 2452 2747 leviter
2474 2711 2613 2746 erra·

1551 2784 1697 2827 verat
1740 2777 2000 2838 librarius,
2037 2776 2421 2839 scripseratque
2459 2772 2612 2835 Αὔγο-

1549 2854 1754 2905 στόστου
1789 2871 1884 2919 pro
1907 2852 2202 2916 Αὐγούστου,
2236 2854 2349 2917 ipse
2376 2854 2614 2901 Coemrem

1547 2935 1821 2997 Augustum
1864 2932 2025 2981 vertit
2064 2938 2120 2981 et
2165 2930 2230 2978 de
2274 2944 2366 2979 suo
2406 2928 2614 2978 addidit

1549 3022 1664 3060 xiv.
1700 3009 1851 3058 Idem..

1613 3085 1805 3134 Pietate
1827 3099 1941 3146 erga
1957 3082 2222 3148 parentem]
2250 3084 2309 3133 C.
2330 3084 2610 3148 Caesarem,

1548 3163 1691 3225 cujus
1714 3168 1930 3210 mortem
1973 3161 2189 3209 inultam
2229 3158 2496 3224 praeteriri
2522 3172 2612 3207 ne·

1549 3237 1627 3287 fas
1650 3245 1782 3287 erat.
1825 3237 1973 3286 Idem.

1613 3316 1971 3365 Necessitudiue
2012 3310 2157 3377 reipss]
2211 3312 2358 3362 Infra
2400 3312 2490 3361 lib.
2532 3308 2610 3365 η’.

1546 3390 1566 3420 ‘
1581 3391 2324 3441 secundum'necessitudinem
2349 3390 2477 3453 legis
2496 3392 2529 3438 :’
2552 3394 2611 3438 et

1546 3468 1582 3516 l.
1604 3483 1655 3517 v.
1695 3467 1711 3494 ‘
1738 3481 1899 3530 seque
1936 3481 1998 3514 ea
2040 3465 2425 3514 necessitudine
2455 3462 2609 3528 cogi,’

1546 3546 1679 3594 dixit
1703 3559 1797 3608 pro
1820 3544 2165 3603 necessitate;
2201 3550 2259 3592 ut
2286 3558 2352 3592 ex
2385 3543 2499 3592 aliis
2522 3541 2612 3592 ob·

1543 3629 1802 3671 servatum
1849 3618 2057 3684 Agellio
2102 3621 2347 3669 Noctium
2389 3632 2520 3670 x111.
2559 3623 2612 3672 ⁸.

1555 3696 1847 3747 Vertrauius.
2483 3707 2490 3717 ’

1611 3774 1788 3822 Nullus
1826 3778 1937 3820 tunc
1974 3772 2178 3836 legibus]
2210 3772 2421 3824 Judicia
2447 3752 2611 3836 enim,

1546 3856 1605 3899 ut
1645 3850 1842 3898 dictum
1881 3857 1982 3911 est,
2028 3849 2374 3898 turbabantur
2411 3847 2481 3911 vi,
2504 3862 2610 3897 am-

1547 3927 1678 3988 bitu,
1702 3926 1937 3989 pecunia.
1988 3926 2220 3973 Muretus.
2595 3938 2601 3943 ·

1615 4004 1680 4051 Ut
1715 4001 2039 4061 interfectores
2071 3999 2249 4063 patris]
2281 3998 2368 4049 Sic
2403 3999 2612 4049 Rhena-

1545 4095 1655 4128 nus.
1723 4079 1822 4127 Sed
1848 4093 1963 4127 cum
1992 4080 2040 4125 M
2051 4094 2089 4125 s
2123 4077 2314 4125 habeat
2341 4083 2468 4138 tunc,
2491 4090 2610 4141 pro·

1545 4160 1659 4223 pius
1704 4164 1759 4206 et
1796 4157 1965 4205 verius
1999 4156 2122 4204 mihi
2158 4156 2322 4204 visum
2363 4162 2444 4205 est
2476 4156 2609 4206 dumo

1544 4235 1791 4289 Pichena.

1612 4313 1726 4363 Non
1766 4325 1911 4374 regno
1945 4308 2090 4374 neqa'e
2121 4309 2388 4373 dictatura]
2419 4307 2451 4340 ⁴
2484 4306 2607 4360 Pul·
