3009 4942
423 374 601 459 sm

423 552 700 611 Sententia
718 553 985 619 exigeret:
1021 552 1118 603 Sed
1144 552 1489 621 miluifllioeque

421 636 538 680 tae.
583 629 829 681 Pichena.

490 708 850 771 Excepissemus
867 712 994 757 certe
1013 706 1258 771 mndata]
1294 707 1483 770 Vulgo,

422 785 731 848 excepissent:
781 792 835 833 at
872 784 1074 848 scripsi,
1128 785 1487 848 excepissemus,

422 861 544 925 qnia
562 875 740 910 sensus
754 861 1011 925 ‚postulat,
1046 867 1105 910 ut
1129 861 1196 910 ad
1218 861 1480 925 Agricolas

424 955 630 1006 quoque
651 939 830 1003 filiam,
846 939 1012 991 Taciti
1035 954 1265 1000 uxorem,
1287 938 1481 989 refera-

419 1025 523 1072 tur.
591 1018 641 1070 N
646 1033 725 1066 am
750 1018 923 1067 statim
944 1016 1480 1082 sequitur,figerenms.

421 1095 577 1145 Forte
619 1095 869 1159 scriptum
913 1101 1045 1157 erat,
1081 1094 1380 1158 excepissent,
1423 1102 1483 1145 ut

418 1186 560 1239 saepe
583 1171 634 1221 in
662 1166 953 1220 Mss.'unde
988 1168 1155 1221 facilis
1179 1184 1338 1221 error.
1393 1171 1484 1220 Pe·-

419 1252 583 1303 chena.
618 1249 725 1303 Cur
748 1266 847 1302 non
866 1249 1197 1313 exceptamus
1217 1247 1482 1311 scribitur,

422 1335 481 1381 ut
502 1325 799 1396 figeremus?
840 1331 922 1378 De
947 1342 1004 1377 se
1027 1327 1163 1376 euim
1186 1334 1242 1378 et
1263 1325 1481 1390 conjuge

418 1406 666 1471 loquitur.
708 1406 973 1456 Acidaliae.

484 1483 636 1532 Nobis
656 1489 754 1533 tom
788 1486 939 1545 longa
959 1481 1186 1532 absentia
1202 1479 1484 1543 conditione,

413 1565 524 1610 ante
554 1561 911 1625 quadriennium
932 1560 1130 1608 amissam
1164 1559 1236 1623 es]
1286 1558 1371 1608 Ita
1408 1562 1482 1609 lo·

418 1652 534 1691 cum
554 1639 689 1687 bunc
713 1637 904 1700 accipit
927 1636 1208 1700 sospitator
1230 1636 1317 1686 ille
1336 1637 1482 1685 Taci-

416 1713 495 1774 ti;
552 1721 612 1767 nt
646 1715 882 1764 videatur
913 1714 1110 1775 dicere,
1152 1714 1481 1765 contexuisse

416 1790 553 1840 bunc
576 1791 805 1839 libellum
828 1791 1167 1855 quadriennio
1191 1797 1311 1853 post
1346 1805 1479 1840 mor·

417 1872 524 1919 tem
560 1865 839 1931 Agricola».
905 1866 981 1915 At
1009 1866 1063 1915 in
1094 1866 1483 1930 Suspicionibus

415 1943 607 1992 dudum
631 1944 862 2006 ostendi,
882 1943 1022 1992 aliud
1045 1945 1175 1993 velle
1197 1951 1481 2004 auctorem,

415 2019 690 2083 ethicaque
726 2021 989 2072 sententia
1023 2020 1376 2084 pronuntiare,
1409 2021 1481 2071 vi-

415 2111 525 2144 sum
565 2098 666 2146 sibi
700 2096 998 2162 Agricolam
1027 2099 1135 2161 jam
1185 2107 1307 2148 tunc
1344 2113 1481 2148 mor-

411 2179 578 2237 tuum,
621 2187 722 2236 quo
778 2182 1038 2236 postremo
1093 2173 1262 2237 ipsum
1309 2175 1476 2236 vidit3

412 2257 534 2298 ante
572 2250 963 2314 quadriennium
1003 2250 1220 2302 scilicet.
1286 2252 1480 2302 Consu·

411 2327 551 2376 latur
562 2342 722 2390 super
741 2328 841 2377 isto
860 2326 1072 2377 adfectu
1091 2330 1287 2378 Seneca
1303 2329 1474 2393 Epist.

411 2409 493 2454 63.
533 2413 590 2455 et
630 2404 897 2455 Consolat.
933 2405 999 2454 ad
1036 2405 1290 2454 Marciam
1329 2410 1473 2458 c.19·

412 2482 524 2533 Imo
565 2488 622 2531 et
661 2481 881 2545 ipsemet
913 2483 1079 2532 Tacit.
1118 2481 1255 2532 Anu.
1281 2496 1367 2532 ιιι.
1391 2487 1473 2532 34.

410 2565 467 2609 et
484 2558 622 2608 Anu.
647 2572 726 2608 vt.
748 2562 829 2608 38.
855 2565 911 2607 ut
934 2568 990 2607 et
1014 2559 1153 2607 Hist.
1179 2573 1252 2607 ιν.
1279 2562 1361 2608 14.
1406 2560 1476 2609 Et

410 2636 522 2684 haec
548 2636 824 2684 ¹veniebant
838 2637 931 2684 sub
951 2650 1165 2684 acumen
1189 2635 1332 2699 styli,
1351 2650 1479 2685 vere-

412 2726 478 2760 ex
504 2718 756 2774 tempore.
799 2711 1053 2761 (ἔπιεν-ιω.

480 2787 654 2837 Omnia
673 2787 776 2835 sine
806 2786 963 2848 dnbio,
995 2786 1169 2850 optime
1199 2788 1477 2852 pareutum]

409 2862 496 2912 Ita
533 2879 598 2912 ex
639 2864 771 2913 Ven.
815 2864 1036 2913 restitui.
1120 2865 1264 2913 Male
1303 2865 1475 2928 vulgo,

407 2940 583 3002 optimo
605 2946 852 3003 parentam
870 2956 888 2997 ,·
921 2940 1351 3004 qnasiAgricolae
1383 2957 1479 2990 ux-

409 3030 551 3065 orem
575 3017 657 3065 hic
683 3024 925 3079 tanquam
960 3025 1176 3065 matrem
1201 3020 1470 3069 laudaretz

407 3093 546 3156 quod
572 3093 717 3142 valde
740 3094 1014 3142 absurdum
1035 3101 1193 3154 esset,
1215 3109 1329 3144 cum
1353 3111 1473 3145 mox

408 3185 522 3219 eam
559 3177 802 3235 tanquam
827 3186 1040 3219 uxorem
1074 3173 1472 3223 amantissimam

406 3247 601 3297 laudet.
633 3247 708 3298 At
726 3262 790 3297 ea
806 3249 966 3297 verba
985 3248 1047 3298 ad
1069 3249 1231 3312 ipsum
1252 3248 1473 3313 Agrico·

406 3324 508 3374 lam
542 3322 857 3388 referuntur,
893 3340 1044 3389 quem
1085 3326 1333 3389 optimum
1382 3342 1472 3390 pa-

404 3407 603 3453 rentem
651 3411 819 3450 vocat.
902 3403 989 3451 Sic
1032 3403 1232 3451 Plinius
1271 3403 1469 3468 Paneg.

403 3479 420 3504 ‘
444 3493 600 3541 quum
637 3484 691 3527 tu
733 3478 903 3540 nobiS,
928 3478 1123 3541 optime
1158 3480 1468 3543 principum,

403 3553 682 3607 fortissime
719 3554 1114 3619 Imperatorum,
1144 3557 1469 3606 consulatum

404 3630 656 3681 obtulisti.
658 3630 673 3654 ’
725 3632 946 3679 Pichena.

468 3706 780 3755 Paaeioribus
800 3712 957 3756 tamen
993 3707 1215 3771 lacrymis
1248 3711 1469 3772 composi-

401 3789 482 3833 tus
502 3782 573 3846 es]
603 3784 689 3832 De
710 3784 816 3834 ritu
841 3785 941 3832 isto
965 3785 1305 3846 componendi
1340 3801 1469 3834 moi-

404 3868 518 3909 tuos
558 3860 642 3913 adi
687 3860 759 3911 Is.
806 3854 1165 3912 casaubonum
1221 3863 1284 3910 ad
1342 3863 1469 3911 illud

322 3975 324 3977 .
402 3935 569 3985 Persii
599 3936 712 3986 Sat.
733 3952 808 3987 ιν.
841 3940 857 3966 ‘
885 3940 1193 4004 tandemque
1232 3939 1467 3990 beatulus

402 3996 508 4061 alto
528 4013 855 4076 compositus
876 4014 1049 4064 lecto!
1096 4015 1385 4077 Vindungus.

467 4088 605 4137 Cu
621 4093 700 4138 46.
738 4090 930 4152 Nosque
950 4093 1135 4139 domum
1154 4091 1308 4155 tuom]
1366 4093 1467 4141 Re-

396 4163 545 4288 m
580 4167 839 4229 copulam,
879 4182 986 4230 que,
1016 4181 1080 4215 ex
1105 4169 1325 4219 Veneto.
1382 4170 1466 4217 Pi-

464 4306 795 4368 Admiratione
815 4324 865 4368 te
891 4306 1071 4386 potius,
1089 4320 1196 4391 ξω]
1246 4322 1464 4387 Legitur

1114 404 1334 459 NO'RAE
1381 408 1788 461 vammum
1847 409 1928 459 IN

1556 553 1609 603 in
1632 554 1701 606 V.
1716 568 1764 603 c.
1787 553 2106 605 admiratione
2121 552 2300 617 potius,
2319 568 2458 617 quam
2478 569 2624 605 m-

1555 630 1730 681 latim
1761 633 2041 681 decoremus.
2109 631 2215 681 Pro
2247 645 2314 680 eo
2338 646 2459 680 vero
2481 631 2624 696 quod

1557 708 1712 757 estin
1746 708 1985 772 vulgatis,
2016 708 2245 768 militm,
2265 710 2347 770 ξε.
2381 707 2626 771 fortasse,

1555 784 1822 835 inuitatione
1863 787 2111 847 virtutum,
2153 789 2235 850 ξε.
2292 784 2620 835 emendatius

1554 860 1831 924 legeretur.
1866 863 1941 911 Ut
1966 870 2107 913 totus
2131 863 2269 914 locus
2290 863 2363 913 ita
2381 864 2622 924 legatur·

1554 939 1861 991 mame
1883 945 1931 988 te
1947 939 2123 1002 potius,
2146 955 2286 1003 qaam
2306 939 2621 999 remidio-e,

1554 1021 1603 1065 et
1634 1017 1677 1065 si
1707 1021 1882 1066 natura
1911 1018 2196 1081 suppeditet,
2223 1016 2492 1065 imitatione
2521 1015 2626 1064 vir·

1554 1100 1710 1144 tutam
1751 1097 2034 1158 decoremus,
2070 1097 2151 1157 ⁸5⁶·
2209 1094 2447 1144 Ursinus.
2528 1094 2624 1144 Jo-

1555 1173 1654 1222 sias
1687 1174 1957 1223 Mercerus
1992 1173 2071 1234 vir
2113 1178 2170 1221 et
2207 1170 2530 1220 humanitate
2564 1175 2620 1219 et

1554 1248 1791 1298 doctrina
1827 1248 2174 1312 plenissimus,
2226 1246 2376 1309 cujus
2431 1245 2624 1296 notitia

1553 1325 1677 1375 nihil
1700 1326 1823 1376 mibi
1843 1326 2053 1377 Lutetia
2085 1323 2232 1374 dedit
2263 1323 2481 1387 gratius,
2513 1336 2619 1370 sus-
2703 1348 2708 1353 ·

1555 1406 1761 1470 picatur
1798 1404 2075 1469 legendum
2105 1403 2301 1452 imitata
2330 1403 2619 1461 decoramus.

1555 1482 1769 1532 Subtilis
1814 1481 2087 1533 admodum
2127 1479 2419 1529 correctio:
2477 1493 2621 1541 nam,

1554 1558 1776 1608 imitatio
1815 1557 2072 1622 quoddam
2107 1556 2246 1607 haud
2278 1555 2435 1614 dubie
2458 1571 2618 1620 genus

1554 1644 1638 1685 est
1686 1636 1912 1686 honoris.
1998 1634 2148 1685 Alius
2202 1633 2412 1698 quidam
2463 1635 2617 1698 longe

1556 1712 1678 1761 mihi
1724 1712 2059 1763 amicissimus
2102 1711 2333 1762 restituit
2367 1713 2508 1761 hunc
2544 1712 2620 1761 lo·

1555 1804 1692 1852 cum,
1735 1791 1934 1853 primm
1986 1789 2196 1854 supplet
2238 1803 2417 1839 vocem
2461 1804 2624 1852 qaam,

1554 1867 1689 1931 quod
1722 1867 1784 1916 fit
1817 1881 1921 1916 non
1954 1880 2075 1916 raro
2093 1866 2148 1915 in
2170 1866 2424 1918 sotorum
2459 1866 2619 1915 libris.

1557 1943 1884 1995 Admiratione
1905 1948 1953 1992 te
1969 1943 2126 2006 potius
2157 1942 2357 2006 (quam)
2393 1947 2624 2005 tempora-

1552 2019 1676 2067 libus
1694 2018 1925 2068 laudibus.
1963 2018 2071 2067 Pro
2094 2018 2298 2069 militum
2317 2018 2493 2081 legere
2516 2017 2621 2067 Dia

1556 2096 1750 2145 Critica
1765 2096 1995 2159 jubebat
2014 2095 2236 2145 moritum
2252 2111 2269 2143 .·
2300 2094 2390 2143 sed
2414 2109 2481 2143 ne
2502 2108 2620 2145 crae

1556 2173 1740 2223 broues
1784 2173 2079 2223 excitentur
2117 2171 2462 2222 rescribamus
2499 2185 2620 2220 rnor-

1551 2259 1700 2304 tuum.
1768 2254 1839 2301 Et
1860 2258 2021 2301 totam
2043 2248 2349 2299 sententiam
2370 2248 2477 2300 sie:
2518 2248 2618 2296 Ad·

1551 2330 1801 2379 miratione
1831 2334 1879 2378 te
1907 2329 2069 2393 potius
2102 2325 2433 2389 temporalibus
2468 2325 2620 2375 laudi-

1553 2408 1656 2469 bus,
1698 2414 1745 2457 et
1789 2408 1833 2455 si
1871 2412 2045 2457 natura
2084 2405 2350 2468 suppeditet
2377 2410 2617 2457 ,mortuum

1551 2487 1836 2535 decoramus.
1871 2484 2159 2537 Barclaius.
2228 2483 2516 2545 Corruptus
2547 2482 2618 2531 lo-
2719 2512 2723 2516 -

1553 2575 1643 2611 cus
1679 2567 1736 2610 et
1772 2576 1888 2609 meo
1912 2559 2114 2624 judicio
2158 2558 2388 2608 mutilus.
2454 2559 2619 2607 Forte

1552 2637 1895 2700 supplendum
1940 2644 1995 2686 et
2048 2635 2356 2699 legendum:
2411 2634 2615 2683 admira·

1553 2716 1682 2765 tione
1704 2718 1751 2763 te
1779 2715 1954 2777 potius,
1975 2729 2117 2779 qaam
2150 2711 2484 2774 temporalibus
2514 2713 2613 2761 lau·

1549 2790 1687 2839 dibus
1699 2807 1720 2848 ;
1751 2790 1862 2840 et-si
1884 2794 2057 2838 natura
2079 2788 2363 2851 suppeditet,
2385 2787 2615 2837 imitando

1549 2869 1770 2917 οοῐαηηιε.
1817 2867 2063 2919 Picbeua.
2150 2865 2285 2914 Haec
2328 2864 2500 2913 omnia
2532 2883 2614 2924 με·

1549 2941 1809 3007 ταξυλογίᾳ
1851 2943 2001 2992 nimis
2035 2945 2361 2994 clarescunt:
2407 2944 2609 2992 admira-

1550 3022 1676 3069 tione
1697 3025 1743 3068 te
1762 3022 1920 3084 potius
1941 3020 2276 3082 temporalibus
2296 3020 2511 3069 laudibus
2529 3021 2613 3081 (et

1546 3097 1591 3145 si
1606 3102 1779 3149 natura
1796 3096 2002 3145 militum
2011 3095 2314 3159 suppeditet)
2322 3099 2587 3145 decoramus
2598 3109 2617 3145 .-

1549 3173 1600 3222 id
1626 3182 1727 3236 est,
1751 3175 1861 3223 Nos
1884 3180 1939 3223 te
1953 3172 2198 3235 Agricola
2213 3188 2314 3222 non
2334 3174 2612 3235 imaginum

1547 3252 1739 3300 horrore
1774 3251 2174 3312 lionestabi‘mus,
2206 3264 2333 3313 quas
2368 3249 2464 3298 tibi
2487 3249 2612 3298 miii»

1548 3328 1650 3377 tari
1666 3327 1942 3390 disciplina
1962 3327 2232 3391 peperisti:
2271 3327 2314 3373 is
2354 3326 2488 3374 enim
2525 3326 2610 3374 ho·

1546 3419 1639 3454 uos
1653 3412 2040 3454 momentaneus
2057 3411 2138 3454 est
2153 3420 2172 3453 ι
2203 3404 2295 3453 sed
2312 3403 2612 3455 admirando

1547 3487 1603 3531 et
1642 3481 1895 3531 imitando
1941 3489 2054 3537 tuas
2095 3482 2342 3531 virtutes:
2380 3496 2494 3545 quae
2529 3495 2610 3530 res

1545 3557 1716 3618 potior
1759 3565 1860 3619 est,
1904 3564 1960 3607 et
2003 3564 2216 3621 superat
2272 3557 2610 3619 temporarias

1545 3635 1659 3683 illas
1681 3635 2064 3684 simulacrorum
2085 3626 2287 3685 lauffie&
2350 3636 2364 3660 ‘
2384 3635 2438 3683 Is
2463 3649 2615 3687 verus

1543 3710 1702 3759 honos
1722 3718 1776 3759 et
1798 3711 2202 3775 conjunctissimi
2226 3711 2480 3776 cujusque
2505 3710 2609 3774 pie-

1545 3793 1655 3835 tas:
1692 3787 1742 3834 id
1778 3786 1899 3836 filiae
1940 3801 2144 3851 quoque
2187 3788 2436 3850 uxorique
2483 3802 2611 3851 prae..

1544 3864 1799 3925 ceperim:
1839 3864 1915 3912 sic
1940 3864 2102 3928 patris
2126 3863 2200 3912 sic
2221 3864 2393 3912 mariti
2421 3878 2610 3912 memo·

1543 3940 1668 3988 riam
1694 3941 1949 4003 venerari,
1984 3947 2040 3990 ut
2061 3940 2233 3990 omnia
2276 3938 2421 3988 facta
2444 3940 2606 3988 dicta-

1543 4031 1643 4080 que
1664 4017 1774 4079 ejus
1795 4031 1970 4067 secum
1994 4016 2282 4075 revolvant,
2315 4014 2609 4080 famamque

1542 4103 1597 4141 et
1620 4092 1837 4157 figuram
1876 4094 2031 4142 animi
2054 4094 2220 4158 magis
2244 4109 2398 4157 quam
2427 4107 2606 4156 corpo-,

1542 4169 1610 4218 ris
1633 4171 2078 4233 complectantur:
2117 4186 2216 4219 uon
2241 4171 2359 4235 quia
2382 4171 2606 4220 interce·

1542 4246 1766 4297 dendum
1791 4254 1965 4311 putem
1991 4246 2315 4312 imaginibus,
2337 4261 2454 4313 quae
2476 4258 2605 4296 mar-

1540 4335 1683 4373 more
1704 4328 1795 4372 aut
1813 4337 1916 4372 aere
1933 4320 2219 4387 finguntur,
2237 4321 2331 4373 sed
2352 4328 2413 4373 ut
2435 4322 2605 4375 vultus
