3009 4942
206 3147 210 3150 ’
295 3150 594 3217 similiaque
646 3153 766 3203 alia.

846 457 994 507 mn.
1037 456 1093 505 1.
1137 457 1299 509 cAr.
1341 441 1409 506 6.
1454 456 2013 509 msromxuum.

301 603 438 651 mes
480 599 732 665 libertique
782 602 1128 651 damnatorum.

301 691 451 739 gram
486 685 689 741 partem
713 679 895 743 populi
924 679 1179 743 appellat,
1215 678 1380 728 since-

305 766 420 803 ram
451 762 513 804 et
551 755 764 807 lascivia
805 762 1100 821 temporum
1131 768 1248 807 non
1267 772 1379 807 cor-

302 833 707 896 ruptam.1Ap⁸.

365 909 502 958 Pars
516 912 679 974 populi
701 911 914 975 integra,
953 916 1003 962 et
1023 912 1213 975 mugnis
1230 911 1380 963 domi·

301 984 391 1035 hus
410 1000 617 1048 annexa,
635 990 846 1051 clientes,
866 988 981 1052 ism]
1022 989 1142 1039 Non
1166 1003 1377 1040 renuam

296 1075 420 1112 eum
464 1062 645 1126 Lipsio
666 1066 861 1128 legere,
895 1065 1074 1114 annexi
1094 1065 1287 1116 clientes
1320 1066 1377 1116 li-

298 1139 515 1204 bertique
534 1144 885 1193 damnatorum.
935 1143 1043 1193 Sed
1062 1158 1153 1194 cur
1168 1146 1376 1195 Tacitus

298 1217 524 1269 clientes
562 1218 882 1285 libertosque
925 1219 1282 1272 damnatorum
1319 1227 1377 1273 et

294 1297 537 1347 exsulum
561 1299 723 1348 solum
744 1300 830 1351 hic
853 1299 1123 1350 nominat?
1192 1302 1300 1351 Cur
1320 1301 1375 1351 hi

296 1372 622 1437 potissimum
640 1373 692 1423 in
716 1389 864 1439 spem
882 1376 1063 1439 erecti,
1093 1391 1196 1426 non
1216 1377 1375 1428 etiam

295 1464 499 1514 eorum,
515 1451 607 1515 qui
628 1450 859 1503 damnati
872 1458 938 1501 -et
953 1453 1157 1502 exsules
1176 1468 1275 1502 non
1294 1468 1373 1504 es·

295 1531 418 1577 sent
442 1543 457 1587 ;
498 1533 591 1576 aut
618 1542 713 1576 cur
736 1528 954 1578 clientes
975 1528 1256 1594 libertique
1286 1545 1372 1581 eo·

299 1617 415 1653 rum
437 1605 632 1669 potius,
652 1620 804 1670 quam
825 1607 1056 1661 damuati
1080 1612 1135 1656 et
1167 1609 1372 1659 exsules

297 1679 438 1745 ipsi?
504 1679 592 1731 An
613 1698 738 1733 vero
762 1683 924 1733 etiam
947 1683 1238 1746 credemus,
1278 1685 1372 1734 cli-

297 1759 502 1808 entium
526 1767 581 1810 et
602 1760 930 1825 libertorum,
952 1760 1039 1826 qui
1060 1762 1257 1824 magnis
1279 1762 1369 1811 do'-

298 1837 470 1887 mibus
530 1841 739 1902 annexi,
798 1846 1047 1903 patronos
1093 1854 1269 1888 omnes
1307 1854 1369 1890 eo

293 1922 534 1980 tempore
576 1915 843 1969 damnatos
882 1923 940 1967 et
968 1917 1201 1966 exsules?
1259 1917 1370 1966 nul·

292 1994 481 2058 lasque
503 2009 715 2058 magnas
743 1994 921 2044 domos
946 1994 1173 2058 integras
1198 2000 1260 2044 et
1295 1995 1370 2043 in-

295 2071 532 2121 columes
591 2070 782 2121 fuisse?
883 2071 1028 2121 Nihil
1071 2070 1366 2121 absurdius:

292 2146 545 2212 aliudque
568 2147 690 2198 huic
711 2148 828 2197 loco
843 2140 1040 2197 *vitium
1070 2147 1258 2212 maJus,
1280 2147 1370 2198 de·

237 2243 244 2249 ·
281 2220 447 2279 fecto
470 2225 583 2273 sine
607 2224 794 2274 dubio:
818 2224 908 2274 sed
928 2236 1080 2290 quem
1104 2223 1370 2289 integrare

295 2295 393 2349 nos
440 2296 599 2350 facile
656 2315 942 2363 possumus,
1005 2301 1202 2350 inserta
1243 2314 1371 2353 voce

298 2375 478 2440 unica,
498 2390 615 2441 quae
638 2377 894 2441 quomodo
916 2377 1154 2443 perierit,
1175 2380 1262 2429 vix
1286 2380 1374 2429 ad-

294 2460 483 2518 specta
508 2469 589 2516 ea,
624 2470 800 2505 omnes
833 2455 1101 2523 videbunt.
1166 2456 1373 2520 Scribo,

290 2546 411 2595 pars
428 2532 591 2595 populi
611 2531 819 2594 integra,
853 2538 900 2582 et
925 2533 1113 2596 magnis
1129 2536 1256 2584 dom.
1292 2551 1374 2584 an-

295 2608 415 2663 nexi
444 2610 638 2659 clientes
656 2609 921 2673 libertique,
942 2611 1111 2674 quiqw
1131 2613 1373 2661 damnato·

294 2698 424 2748 rum,
459 2689 540 2750 ὅτ.
594 2686 647 2736 id
684 2694 784 2750 est,
827 2693 1083 2752 quotquot
1120 2688 1371 2738 damnati.

293 2767 449 2821 Idem
492 2768 687 2830 valeat,
723 2771 841 2832 quod
862 2770 1215 2818 damnatorum:
1248 2785 1374 2835 quo-

295 2842 452 2894 modo
475 2844 558 2894 hic
581 2844 737 2893 etiam
774 2844 952 2894 addita
990 2846 1177 2909 copula
1214 2842 1375 2895 scribi

295 2927 499 2985 potest,
530 2928 584 2970 et
615 2921 762 2971 forte
796 2922 961 2987 magis
994 2920 1171 2973 debet.
1241 2922 1373 2975 Haec

221 3033 237 3049 .
298 2998 441 3051 enim
462 2996 632 3047 forma
653 2998 842 3048 Tacito
881 2997 1134 3063 crebrior,
1175 3005 1231 3048 et
1261 3015 1374 3064 pas-

294 3074 396 3125 sim
419 3075 572 3139 legiS,
590 3078 712 3139 quod
725 3076 953 3139 equitum,
989 3077 1113 3139 quod
1139 3076 1374 3141 peditum,

408 3142 417 3150 ’
863 3153 1112 3202 Ceterum
1164 3168 1231 3201 ex
1275 3154 1373 3203 hac

298 3229 667 3280 emendatione
691 3230 885 3291 integra
920 3244 1037 3293 pars
1068 3230 1229 3293 populi
1268 3245 1373 3280 non

286 3306 402 3371 jam
423 3320 546 3354 cum
591 3306 768 3370 Lipsio
810 3305 1119 3370 accipienda
1153 3307 1373 3372 sincera,

296 3390 355 3433 et
398 3383 611 3432 lascivia
649 3390 940 3447 temporum
976 3376 1078 3432 non
1102 3391 1374 3449 corrupta,

295 3461 394 3511 sed
420 3462 712 3524 incolumia,
746 3468 803 3511 et
823 3461 909 3510 cui
932 3467 1099 3510 status
1122 3477 1242 3511 suus
1276 3464 1373 3512 sal-

295 3552 410 3588 vus.
455 3538 705 3601 ‘Integros
742 3538 880 3586 enim
927 3538 1149 3601 opponit
1191 3545 1376 3588 auctor

298 3615 569 3665 exsulibus
593 3621 648 3663 et
668 3614 921 3663 damnatis.
936 3613 1221 3663 Acidalius.
1245 3615 1373 3664 Pro·

298 3691 549 3743 euldubio
572 3691 765 3741 rectius
808 3707 841 3739 a
877 3690 1055 3753 Lipsio
1077 3697 1373 3740 correctum

215 3761 220 3765 ’
299 3783 362 3820 ae
388 3770 715 3819 distinctum.
781 3769 925 3818 Male
946 3774 1000 3817 et
1024 3767 1241 3818 confuse
1263 3762 1372 3818 tiul-

296 3863 386 3912 go.
421 3849 653 3896 Pichena.
720 3847 948 3911 Legerat
971 3845 1175 3915 Lipsius
1196 3848 1373 3896 annexi

294 3925 513 3989 ostentes,
534 3928 617 3988 25⁴0·
650 3924 809 3990 idque
834 3925 887 3973 in
912 3931 1116 3974 textum
1139 3924 1374 3975 Pichena

295 4009 593 4066 receperat.
657 4001 761 4051 Sed
783 4016 933 4065 ‚pace
968 4001 1199 4050 Doctiss.
1221 4002 1374 4059 Viro-

296 4093 411 4128 rum
459 4078 701 4141 dixerim,
759 4078 1032 4141 vulgatam
1092 4077 1371 4127 lectionem

295 4159 454 4224 longe
499 4163 614 4208 esse
657 4156 1055 4222 praeferendam.
1118 4156 1375 4223 Loquitur

298 4238 367 4285 de
425 4242 580 4300 parte
622 4234 802 4299 populi
856 4234 1169 4297 honestiore,
1223 4235 1322 4282 διο.
1344 4231 1374 4265 ⁴*

298 4313 603 4365 Freinshem.

361 4391 505 4442 CAP.
529 4396 580 4441 5.
629 4390 727 4447 Qui
745 4391 799 4439 in
820 4389 960 4453 bello]
1026 4390 1216 4443 Placet
1247 4385 1376 4448 fere,

436 4472 624 4541 Delph.
645 4475 695 4524 et
724 4472 839 4524 Var.
858 4472 990 4525 Clas.

1336 4465 1493 4520 iacit.

2336 438 2515 513 4123

1239 600 1380 651 Inte-
1453 602 1626 667 quod·
1613 618 1664 652 m
1689 603 1885 668 scripto
1922 602 2060 653 filius
2097 612 2243 655 meus
2279 606 2512 663 Jacobus

1453 679 1644 730 Oxonii
1688 683 1917 732 notavit:
1963 681 2223 731 ‘eundem
2266 683 2319 733 iu
2356 700 2515 777 pace,

1449 772 1604 823 quem
1626 759 1679 806 in
1700 758 1835 808 bello
1851 757 2056 807 locum!
2092 757 2298 809 Gronov.

1518 835 1590 884 Et
1623 835 1837 899 quamvis
1855 837 2010 900 capite
2029 822 2307 896 defectionis
2331 834 2512 903 abhuc]

1447 908 1541 960 Ab
1579 911 1815 961 omnibus
1812 912 2233 1038 “exemplaribus
2275 915 2514 965 dissenti-

1449 1003 1543 1038 ens
1565 989 1650 1040 hic
1676 994 1860 1054 pro‚et
1865 1025 1881 1052 ,
1914 988 2121 1053 scripsi,
2145 990 2243 1039 Sed
2281 993 2512 1057 quamvis,

1445 1060 1528 1129 ξε.
1595 1066 1731 1116 Nam
1770 1074 2007 1117 extrema
2040 1068 2276 1130 proxime
2317 1085 2514 1133 praece·

1448 1142 1622 1192 dentis
1645 1143 1880 1192 vocabuli
1901 1143 2055 1193 litera
2076 1152 2159 1194 est
2185 1146 2236 1195 S.
2271 1147 2428 1197 Rhen.

1447 1242 1454 1247 ·
1515 1219 1751 1267 Manebat
1781 1219 2016 1282 plerisque
2050 1220 2259 1271 militum
2279 1223 2514 1273 conseiem

1447 1295 1544 1360 tia]
1628 1297 2006 1347 Conscientiam
2046 1299 2252 1363 quidem
2296 1314 2514 1351 necesse

1447 1379 1532 1423 est
1573 1373 1816 1422 mansisse
1856 1374 2109 1439 omnibus,
2160 1391 2261 1431 nou
2307 1385 2513 1429 tantum

1445 1450 1723 1515 plerisque.
1801 1451 1907 1501 Sed
1952 1452 2189 1501 nimirum
2234 1455 2515 1504 emendan-

1446 1527 1567 1578 dum
1593 1528 1879 1579 constantia.
1941 1529 2105 1578 Solito
2130 1529 2217 1578 illo
2248 1535 2305 1579 et
2339 1531 2514 1595 vulga·

1446 1606 1643 1657 tissimo
1665 1620 1840 1656 errore
1864 1611 2057 1657 mutuae
2081 1606 2219 1655 inter
2242 1607 2332 1656 has
2355 1620 2513 1671 voces

1444 1682 1862 1746 permutationis,
1878 1695 2027 1747 quam
2046 1683 2334 1734 notavimus
2352 1683 2513 1734 etiam

1442 1759 1496 1808 in
1523 1759 1699 1822 Agrie.
1725 1760 1919 1810 Acidal.

1514 1838 1674 1901 Neque
1709 1836 1932 1902 deerant]
1996 1836 2127 1902 NoS,
2169 1854 2255 1889 nec
2294 1840 2511 1889 deerant·

1444 1912 1745 1964 Rhenanus.

1528 1991 1748 2041 Militari
1774 1990 1916 2052 fama
1952 1992 2205 2057 celebrata]
2291 1993 2355 2043 In
2399 1995 2511 2058 illo,

1446 2081 1599 2131 quem
1624 2069 1833 2118 Sueten.
1863 2068 2019 2119 Galb.
2053 2075 2101 2119 6.
2139 2071 2286 2134 citat,
2325 2084 2511 2132 νει-8ης

1446 2144 1461 2172 ‘
1485 2143 1647 2193 Disce
1662 2144 1808 2193 miles
1830 2145 2076 2210 militare,
2093 2146 2270 2197 Galba
2287 2153 2387 2213 est,
2407 2160 2533 2208 non,

1448 2221 1777 2270 Gaetulicus!
1814 2221 2056 2272 Savillius.

1513 2298 1734 2361 Angebat
1754 2306 2106 2364 couspemantes
2141 2305 2342 2351 veterem
2374 2302 2516 2353 disei-

1442 2376 1648 2440 plinam]
1677 2378 2045 2441 Conspernantes
2065 2378 2278 2431 verbum
2303 2393 2403 2427 non
2425 2379 2513 2429 hio

1448 2453 1602 2504 valde
1627 2453 1885 2504 idoneum.
1950 2455 2134 2503 Malim
2158 2469 2274 2504 cum
2298 2456 2514 2506 Mureto

1448 2532 1669 2597 simplex
1695 2537 2029 2597 ‹tepet-nantes.⁸
2060 2532 2158 2581 nisi
2183 2538 2354 2581 tamen
2379 2542 2516 2581 nova

1447 2612 1821 2676 compositione
1843 2610 2097 2659 formasse
2131 2610 2372 2659 Tacitum
2402 2598 2539 2658 cre-⁰

1454 2689 1637 2739 demus
1661 2692 2047 2752 conspernante83
2080 2687 2219 2752 quod
2239 2686 2367 2735 meis
2407 2685 2520 2751 qui·

1449 2766 1569 2816 dem
1593 2766 1867 2816 admodum
1892 2765 2170 2814 blanditur.
2194 2762 2386 2813 Acidal.

1520 2845 1735 2895 Virtutes
1754 2843 2055 2907 verebantur]
2119 2841 2341 2892 Credam
2385 2840 2520 2899 veri·-

1446 2935 1525 2984 us,
1540 2920 1892 2970 reverebantur.
1915 2917 2199 2968 Acidalius.
2235 2918 2356 2967 Non
2375 2926 2520 2981 sper·

1448 3014 1515 3049 no
1536 3016 1550 3061 3
1586 2998 1677 3047 sed
1700 2996 1924 3047 fortasse
1946 2996 2148 3055 melius»,
2171 2995 2521 3044 reverebantur.

1448 3074 1701 3126 Pichena.
1766 3073 1910 3137 Apta
1932 3073 2045 3121 heic
2067 3072 2278 3135 quidem
2311 3085 2413 3119 vox
2444 3086 2520 3120 re·

1448 3151 1732 3202 verebantur
1747 3169 1769 3212 ,⁰
1800 3150 1892 3200 sed
1915 3150 2070 3201 nihilo
2092 3147 2406 3198 inefficacior
2428 3148 2521 3196 illa.

1446 3234 1626 3277 nostra
1667 3228 1899 3292 vulgata,
1947 3233 2006 3275 ut
2040 3225 2244 3276 ostendi
2279 3225 2520 3289 exemplo

1450 3319 1554 3355 non
1591 3321 1713 3370 uno,
1745 3306 1798 3355 in
1839 3304 2097 3367 farragine
2138 3300 2520 3367 suspicionume

1451 3384 1706 3433 Gruterus.
1900 3396 1905 3401 ’
2464 3395 2470 3400 “

1515 3461 1638 3523 Legi
1658 3476 1689 3509 a
1707 3475 1757 3509 se
1773 3461 2054 3524 principem,
2084 3472 2177 3506 non
2209 3454 2326 3519 emi]
2393 3453 2520 3504 Cas·

1453 3538 1745 3603 tigavimus,
1781 3538 1904 3599 Legi
1927 3553 1956 3585 α
1978 3551 2026 3586 se
2048 3535 2268 3597 militem,
2303 3526 2396 3583 non
2413 3535 2522 3584 emi.

1454 3616 1558 3666 Qui
1581 3615 1849 3680 supposuit
1869 3613 2149 3678 principem,
2185 3611 2390 3675 putavit
2424 3612 2521 3660 Ta·

1449 3691 1608 3743 citum
1648 3691 1787 3756 loqui
1817 3689 1882 3739 de
1905 3689 2118 3750 Pisone,
2162 3702 2316 3752 quem
2339 3687 2382 3734 is
2409 3688 2524 3737 Cae-

1450 3780 1618 3817 sarem
1664 3766 1808 3817 fecit.
1878 3766 1979 3815 Sed
2026 3764 2280 3830 praecedit
2312 3766 2525 3827 ‘veterem

1448 3844 1833 3908 disciplinam-id
1853 3841 2218 3906 accipiendum
2243 3841 2310 3889 de
2333 3839 2522 3901 milita·

1449 3923 1492 3970 ri
1515 3922 1868 3985 castrensique
1901 3919 2190 3982 disciplina.
2241 3918 2520 3971 Rhenanus·

1450 3999 1500 4048 A
1523 3999 1740 4060 legendo
1759 3997 1896 4046 enim
1919 3995 2056 4059 legio
2074 3995 2235 4053 dicta,
2252 3992 2387 4057 quod
2408 3994 2522 4045 scil.

1450 4077 1504 4124 in
1528 4075 1738 4125 delectu
1762 4074 2007 4138 leguntur
2028 4071 2237 4120 milites.
2270 4071 2435 4119 Varro
2452 4070 2522 4121 de

1453 4154 1514 4201 L.
1543 4152 1662 4200 Lat.
1685 4150 1721 4202 l.
1745 4164 1820 4199 nr.
1857 4148 1998 4198 Pich.

1518 4229 1658 4278 Cu».
1681 4233 1731 4277 6.
1771 4228 1895 4275 Odio
1911 4223 2217 4289 flagitiorum
2240 4221 2520 4287 onerabant]

1451 4305 1597 4369 Sive,
1623 4312 1682 4354 ut
1705 4304 1824 4353 libri
1851 4302 2057 4366 scripti,
2075 4305 2337 4350 oneratum.
2403 4301 2525 4361 Vox

1453 4382 1668 4448 quidem
1686 4397 1753 4432 ea
1774 4380 2047 4432 retinenda
2062 4386 2166 4445 est,
2185 4378 2319 4428 male
2337 4392 2368 4426 a
2387 4377 2526 4428 Beas

2250 4464 2313 4510 12
2345 4459 2388 4512 F
