<?xml version="1.0" encoding="UTF-8"?>
<!DOCTYPE html PUBLIC "-//W3C//DTD XHTML 1.0 Transitional//EN"
    "http://www.w3.org/TR/xhtml1/DTD/xhtml1-transitional.dtd">
<html xmlns="http://www.w3.org/1999/xhtml" xml:lang="en" lang="en">
 <head>
  <title>
</title>
<meta http-equiv="Content-Type" content="text/html;charset=utf-8" />
  <meta name='ocr-system' content='tesseract 3.04.00' />
  <meta name='ocr-capabilities' content='ocr_page ocr_carea ocr_par ocr_line ocrx_word'/>
</head>
<body>
  <div class='ocr_page' id='page_1' title='image "./operaomnia10tacigoog_0469.png"; bbox 0 0 3009 4942; ppageno 0'>
   <div class='ocr_carea' id='block_1_1' title="bbox 793 450 2041 521">
    <p class='ocr_par' dir='ltr' id='par_1_1' title="bbox 793 450 2041 521">
     <span class='ocr_line' id='line_1_1' title="bbox 793 450 2041 521; baseline 0.002 -2"><span class='ocrx_word' id='word_1_1' title='bbox 793 469 941 519; x_wconf 69' lang='lat' dir='ltr'><strong>nm.</strong></span> <span class='ocrx_word' id='word_1_2' title='bbox 988 464 1070 518; x_wconf 80' lang='lat' dir='ltr'><strong>n.</strong></span> <span class='ocrx_word' id='word_1_3' title='bbox 1117 466 1281 518; x_wconf 71' lang='lat' dir='ltr'><strong>cAr.</strong></span> <span class='ocrx_word' id='word_1_4' title='bbox 1326 450 1432 519; x_wconf 57' lang='lat'><strong>23.</strong></span> <span class='ocrx_word' id='word_1_5' title='bbox 1481 466 2041 521; x_wconf 70' lang='lat' dir='ltr'><strong>meronmnun.</strong></span> 
     </span>
    </p>
   </div>
   <div class='ocr_carea' id='block_1_2' title="bbox 289 603 1380 665">
    <p class='ocr_par' dir='ltr' id='par_1_2' title="bbox 289 603 1380 665">
     <span class='ocr_line' id='line_1_2' title="bbox 289 603 1380 665; baseline -0.002 0"><span class='ocrx_word' id='word_1_6' title='bbox 289 603 454 665; x_wconf 53' lang='lat' dir='ltr'><strong>duker</strong></span> <span class='ocrx_word' id='word_1_7' title='bbox 487 624 669 662; x_wconf 80' lang='lat' dir='ltr'><strong>causas</strong></span> <span class='ocrx_word' id='word_1_8' title='bbox 711 612 934 663; x_wconf 88' lang='lat' dir='ltr'><strong>abeundi</strong></span> <span class='ocrx_word' id='word_1_9' title='bbox 958 613 1183 664; x_wconf 79' lang='lat' dir='ltr'><strong>Caecinae</strong></span> <span class='ocrx_word' id='word_1_10' title='bbox 1223 612 1380 663; x_wconf 81' lang='lat' dir='ltr'><strong>fuisse</strong></span> 
     </span>
    </p>
   </div>
   <div class='ocr_carea' id='block_1_3' title="bbox 218 692 1382 756">
    <p class='ocr_par' dir='ltr' id='par_1_3' title="bbox 218 692 1382 756">
     <span class='ocr_line' id='line_1_3' title="bbox 218 692 1382 756; baseline 0.003 -14"><span class='ocrx_word' id='word_1_11' title='bbox 218 750 222 755; x_wconf 36' lang='grc'><strong>,</strong></span> <span class='ocrx_word' id='word_1_12' title='bbox 309 693 517 744; x_wconf 61' lang='lat' dir='ltr'><strong>usserit.</strong></span> <span class='ocrx_word' id='word_1_13' title='bbox 600 693 677 743; x_wconf 84' lang='lat' dir='ltr'><strong>At</strong></span> <span class='ocrx_word' id='word_1_14' title='bbox 720 708 920 756; x_wconf 83' lang='lat' dir='ltr'><strong>vereor,</strong></span> <span class='ocrx_word' id='word_1_15' title='bbox 966 701 1026 744; x_wconf 90' lang='lat' dir='ltr'><strong>ut</strong></span> <span class='ocrx_word' id='word_1_16' title='bbox 1081 692 1382 745; x_wconf 78' lang='lat' dir='ltr'><strong>florentissi-</strong></span> 
     </span>
    </p>
   </div>
   <div class='ocr_carea' id='block_1_4' title="bbox 297 768 1419 4466">
    <p class='ocr_par' dir='ltr' id='par_1_4' title="bbox 297 768 1398 2672">
     <span class='ocr_line' id='line_1_4' title="bbox 311 768 1384 837; baseline 0.002 -18"><span class='ocrx_word' id='word_1_17' title='bbox 311 778 452 819; x_wconf 79' lang='lat' dir='ltr'><strong>mum</strong></span> <span class='ocrx_word' id='word_1_18' title='bbox 474 768 642 820; x_wconf 76' lang='lat' dir='ltr'><strong>Italtae</strong></span> <span class='ocrx_word' id='word_1_19' title='bbox 667 771 804 820; x_wconf 80' lang='lat' dir='ltr'><strong>latus</strong></span> <span class='ocrx_word' id='word_1_20' title='bbox 841 771 942 837; x_wconf 88' lang='lat' dir='ltr'><strong>(sic</strong></span> <span class='ocrx_word' id='word_1_21' title='bbox 978 771 1211 836; x_wconf 85' lang='lat' dir='ltr'><strong>appellat</strong></span> <span class='ocrx_word' id='word_1_22' title='bbox 1231 771 1384 821; x_wconf 83' lang='lat' dir='ltr'><strong>Taci-</strong></span> 
     </span>
     <span class='ocr_line' id='line_1_5' title="bbox 297 846 1384 911; baseline 0 -15"><span class='ocrx_word' id='word_1_23' title='bbox 297 853 401 896; x_wconf 58' lang='lat' dir='ltr'><strong>‘tus</strong></span> <span class='ocrx_word' id='word_1_24' title='bbox 445 861 559 911; x_wconf 86' lang='lat' dir='ltr'><strong>sup.</strong></span> <span class='ocrx_word' id='word_1_25' title='bbox 604 861 652 897; x_wconf 89' lang='lat' dir='ltr'><strong>c.</strong></span> <span class='ocrx_word' id='word_1_26' title='bbox 693 846 800 911; x_wconf 78' lang='lat'><strong>1⁷.)</strong></span> <span class='ocrx_word' id='word_1_27' title='bbox 849 847 1002 897; x_wconf 81' lang='lat' dir='ltr'><strong>nullis</strong></span> <span class='ocrx_word' id='word_1_28' title='bbox 1048 847 1215 897; x_wconf 79' lang='lat' dir='ltr'><strong>adhuc</strong></span> <span class='ocrx_word' id='word_1_29' title='bbox 1260 847 1384 897; x_wconf 85' lang='lat' dir='ltr'><strong>belli</strong></span> 
     </span>
     <span class='ocr_line' id='line_1_6' title="bbox 311 918 1384 988; baseline 0.001 -16"><span class='ocrx_word' id='word_1_30' title='bbox 311 918 546 973; x_wconf 73' lang='lat' dir='ltr'><strong>cladibus</strong></span> <span class='ocrx_word' id='word_1_31' title='bbox 565 923 814 985; x_wconf 51' lang='lat' dir='ltr'><strong>¹ancisum,</strong></span> <span class='ocrx_word' id='word_1_32' title='bbox 836 923 1013 988; x_wconf 86' lang='lat' dir='ltr'><strong>copias</strong></span> <span class='ocrx_word' id='word_1_33' title='bbox 1036 936 1137 972; x_wconf 89' lang='lat' dir='ltr'><strong>non</strong></span> <span class='ocrx_word' id='word_1_34' title='bbox 1168 920 1384 973; x_wconf 77' lang='lat' dir='ltr'><strong>suffece-</strong></span> 
     </span>
     <span class='ocr_line' id='line_1_7' title="bbox 299 999 1381 1065; baseline 0.002 -18"><span class='ocrx_word' id='word_1_35' title='bbox 299 1000 388 1049; x_wconf 68' lang='lat' dir='ltr'><strong>rit</strong></span> <span class='ocrx_word' id='word_1_36' title='bbox 431 999 713 1049; x_wconf 84' lang='lat' dir='ltr'><strong>exercitui:</strong></span> <span class='ocrx_word' id='word_1_37' title='bbox 773 1014 901 1065; x_wconf 87' lang='lat' dir='ltr'><strong>ergo</strong></span> <span class='ocrx_word' id='word_1_38' title='bbox 950 1000 1125 1049; x_wconf 87' lang='lat' dir='ltr'><strong>malim</strong></span> <span class='ocrx_word' id='word_1_39' title='bbox 1171 1000 1381 1063; x_wconf 84' lang='lat' dir='ltr'><strong>legere:</strong></span> 
     </span>
     <span class='ocr_line' id='line_1_8' title="bbox 316 1076 1386 1142; baseline 0.004 -18"><span class='ocrx_word' id='word_1_40' title='bbox 316 1076 390 1125; x_wconf 84' lang='lat' dir='ltr'><strong>Et</strong></span> <span class='ocrx_word' id='word_1_41' title='bbox 422 1076 613 1126; x_wconf 76' lang='lat' dir='ltr'><strong>Coecina</strong></span> <span class='ocrx_word' id='word_1_42' title='bbox 634 1076 742 1137; x_wconf 76' lang='lat' dir='ltr'><strong>J‘am</strong></span> <span class='ocrx_word' id='word_1_43' title='bbox 773 1076 851 1126; x_wconf 77' lang='lat' dir='ltr'><strong>ira</strong></span> <span class='ocrx_word' id='word_1_44' title='bbox 881 1082 931 1127; x_wconf 84' lang='lat' dir='ltr'><strong>et</strong></span> <span class='ocrx_word' id='word_1_45' title='bbox 956 1079 1151 1142; x_wconf 66' lang='lat' dir='ltr'><strong>madore.</strong></span> <span class='ocrx_word' id='word_1_46' title='bbox 1219 1077 1308 1127; x_wconf 82' lang='lat' dir='ltr'><strong>Ira</strong></span> <span class='ocrx_word' id='word_1_47' title='bbox 1330 1084 1386 1128; x_wconf 88' lang='lat' dir='ltr'><strong>et</strong></span> 
     </span>
     <span class='ocr_line' id='line_1_9' title="bbox 307 1154 1387 1221; baseline 0.001 -18"><span class='ocrx_word' id='word_1_48' title='bbox 307 1155 488 1221; x_wconf 82' lang='lat' dir='ltr'><strong>pudor</strong></span> <span class='ocrx_word' id='word_1_49' title='bbox 508 1155 564 1205; x_wconf 85' lang='lat' dir='ltr'><strong>in</strong></span> <span class='ocrx_word' id='word_1_50' title='bbox 586 1155 841 1219; x_wconf 83' lang='lat' dir='ltr'><strong>ejusmodi</strong></span> <span class='ocrx_word' id='word_1_51' title='bbox 864 1154 1157 1206; x_wconf 75' lang='lat' dir='ltr'>infortuniis</span> <span class='ocrx_word' id='word_1_52' title='bbox 1180 1155 1387 1206; x_wconf 76' lang='lat' dir='ltr'><strong>indivisi</strong></span> 
     </span>
     <span class='ocr_line' id='line_1_10' title="bbox 313 1227 1386 1299; baseline 0.003 -20"><span class='ocrx_word' id='word_1_53' title='bbox 313 1227 430 1280; x_wconf 79' lang='lat' dir='ltr'><strong>fere</strong></span> <span class='ocrx_word' id='word_1_54' title='bbox 448 1233 683 1281; x_wconf 79' lang='lat' dir='ltr'><strong>comites.</strong></span> <span class='ocrx_word' id='word_1_55' title='bbox 717 1228 1008 1282; x_wconf 69' lang='lat' dir='ltr'><strong>Freinshem.</strong></span> <span class='ocrx_word' id='word_1_56' title='bbox 1078 1230 1281 1299; x_wconf 77' lang='lat' dir='ltr'><strong>Lipsius</strong></span> <span class='ocrx_word' id='word_1_57' title='bbox 1306 1248 1386 1283; x_wconf 91' lang='lat' dir='ltr'><strong>re·</strong></span> 
     </span>
     <span class='ocr_line' id='line_1_11' title="bbox 315 1307 1385 1375; baseline 0.004 -20"><span class='ocrx_word' id='word_1_58' title='bbox 315 1307 487 1372; x_wconf 87' lang='lat' dir='ltr'><strong>ponit,</strong></span> <span class='ocrx_word' id='word_1_59' title='bbox 507 1307 663 1370; x_wconf 79' lang='lat' dir='ltr'><strong>same,</strong></span> <span class='ocrx_word' id='word_1_60' title='bbox 685 1315 740 1358; x_wconf 89' lang='lat' dir='ltr'><strong>et</strong></span> <span class='ocrx_word' id='word_1_61' title='bbox 774 1310 904 1360; x_wconf 81' lang='lat' dir='ltr'><strong>hanc</strong></span> <span class='ocrx_word' id='word_1_62' title='bbox 928 1322 1134 1375; x_wconf 89' lang='lat' dir='ltr'><strong>quoque</strong></span> <span class='ocrx_word' id='word_1_63' title='bbox 1177 1323 1385 1360; x_wconf 83' lang='lat' dir='ltr'><strong>causam</strong></span> 
     </span>
     <span class='ocr_line' id='line_1_12' title="bbox 317 1384 1388 1437; baseline 0 -2"><span class='ocrx_word' id='word_1_64' title='bbox 317 1384 589 1436; x_wconf 84' lang='lat' dir='ltr'><strong>abscessus</strong></span> <span class='ocrx_word' id='word_1_65' title='bbox 632 1386 782 1436; x_wconf 87' lang='lat' dir='ltr'><strong>dicit.</strong></span> <span class='ocrx_word' id='word_1_66' title='bbox 846 1387 951 1436; x_wconf 87' lang='lat' dir='ltr'><strong>Sed</strong></span> <span class='ocrx_word' id='word_1_67' title='bbox 988 1397 1170 1436; x_wconf 81' lang='lat' dir='ltr'><strong>contra</strong></span> <span class='ocrx_word' id='word_1_68' title='bbox 1212 1384 1388 1437; x_wconf 83' lang='lat' dir='ltr'><strong>Taciti</strong></span> 
     </span>
     <span class='ocr_line' id='line_1_13' title="bbox 319 1463 1389 1528; baseline 0.001 -18"><span class='ocrx_word' id='word_1_69' title='bbox 319 1468 572 1525; x_wconf 84' lang='lat' dir='ltr'><strong>mentem,</strong></span> <span class='ocrx_word' id='word_1_70' title='bbox 596 1463 681 1528; x_wconf 84' lang='lat' dir='ltr'><strong>qni</strong></span> <span class='ocrx_word' id='word_1_71' title='bbox 715 1464 869 1527; x_wconf 72' lang='lat' dir='ltr'><strong>paulo</strong></span> <span class='ocrx_word' id='word_1_72' title='bbox 906 1469 1023 1528; x_wconf 80' lang='lat' dir='ltr'><strong>post</strong></span> <span class='ocrx_word' id='word_1_73' title='bbox 1061 1478 1118 1512; x_wconf 85' lang='lat' dir='ltr'><strong>se</strong></span> <span class='ocrx_word' id='word_1_74' title='bbox 1155 1463 1268 1527; x_wconf 89' lang='lat' dir='ltr'><strong>ipse</strong></span> <span class='ocrx_word' id='word_1_75' title='bbox 1302 1474 1389 1511; x_wconf 84' lang='lat' dir='ltr'><strong>ex·</strong></span> 
     </span>
     <span class='ocr_line' id='line_1_14' title="bbox 320 1538 1392 1604; baseline 0.003 -18"><span class='ocrx_word' id='word_1_76' title='bbox 320 1538 516 1602; x_wconf 81' lang='lat' dir='ltr'><strong>plicat3</strong></span> <span class='ocrx_word' id='word_1_77' title='bbox 548 1553 607 1588; x_wconf 79' lang='lat' dir='ltr'><strong>ne</strong></span> <span class='ocrx_word' id='word_1_78' title='bbox 626 1554 776 1588; x_wconf 69' lang='lat' dir='ltr'><strong>vanus</strong></span> <span class='ocrx_word' id='word_1_79' title='bbox 806 1539 1066 1604; x_wconf 63' lang='lat' dir='ltr'><strong>irrisusque</strong></span> <span class='ocrx_word' id='word_1_80' title='bbox 1094 1540 1264 1589; x_wconf 77' lang='lat' dir='ltr'><strong>iisdem</strong></span> <span class='ocrx_word' id='word_1_81' title='bbox 1294 1551 1392 1589; x_wconf 77' lang='lat' dir='ltr'><strong>cas-</strong></span> 
     </span>
     <span class='ocr_line' id='line_1_15' title="bbox 313 1616 1392 1668; baseline 0.003 -4"><span class='ocrx_word' id='word_1_82' title='bbox 313 1616 687 1666; x_wconf 66' lang='lat' dir='ltr'><strong>trisadsideret.</strong></span> <span class='ocrx_word' id='word_1_83' title='bbox 757 1616 925 1667; x_wconf 80' lang='lat' dir='ltr'>Recte</span> <span class='ocrx_word' id='word_1_84' title='bbox 958 1632 1014 1667; x_wconf 87' lang='lat' dir='ltr'><strong>se</strong></span> <span class='ocrx_word' id='word_1_85' title='bbox 1038 1616 1198 1667; x_wconf 79' lang='lat' dir='ltr'><strong>habet</strong></span> <span class='ocrx_word' id='word_1_86' title='bbox 1232 1617 1392 1668; x_wconf 87' lang='lat' dir='ltr'><strong>lectio</strong></span> 
     </span>
     <span class='ocr_line' id='line_1_16' title="bbox 318 1693 1391 1761; baseline 0.003 -19"><span class='ocrx_word' id='word_1_87' title='bbox 318 1693 550 1759; x_wconf 62' lang='lat' dir='ltr'><strong>vulgata.</strong></span> <span class='ocrx_word' id='word_1_88' title='bbox 589 1695 738 1744; x_wconf 72' lang='lat' dir='ltr'><strong>Fame</strong></span> <span class='ocrx_word' id='word_1_89' title='bbox 761 1708 862 1761; x_wconf 90' lang='lat' dir='ltr'><strong>qua</strong></span> <span class='ocrx_word' id='word_1_90' title='bbox 886 1695 1024 1759; x_wconf 81' lang='lat' dir='ltr'><strong>apud</strong></span> <span class='ocrx_word' id='word_1_91' title='bbox 1047 1694 1173 1745; x_wconf 88' lang='lat' dir='ltr'><strong>alios</strong></span> <span class='ocrx_word' id='word_1_92' title='bbox 1192 1696 1391 1746; x_wconf 85' lang='lat' dir='ltr'><strong>lacera·</strong></span> 
     </span>
     <span class='ocr_line' id='line_1_17' title="bbox 311 1767 1392 1836; baseline 0.003 -18"><span class='ocrx_word' id='word_1_93' title='bbox 311 1767 514 1830; x_wconf 66' lang='lat' dir='ltr'><strong>·batur;‘</strong></span> <span class='ocrx_word' id='word_1_94' title='bbox 562 1782 722 1836; x_wconf 47' lang='lat' dir='ltr'><strong>quam*</strong></span> <span class='ocrx_word' id='word_1_95' title='bbox 756 1773 1024 1822; x_wconf 84' lang='lat' dir='ltr'><strong>meliorem</strong></span> <span class='ocrx_word' id='word_1_96' title='bbox 1064 1773 1299 1822; x_wconf 83' lang='lat' dir='ltr'><strong>excitare</strong></span> <span class='ocrx_word' id='word_1_97' title='bbox 1337 1786 1392 1821; x_wconf 90' lang='lat' dir='ltr'><strong>se</strong></span> 
     </span>
     <span class='ocr_line' id='line_1_18' title="bbox 307 1848 1395 1914; baseline 0.006 -21"><span class='ocrx_word' id='word_1_98' title='bbox 307 1856 425 1894; x_wconf 79' lang='lat' dir='ltr'><strong>-uou</strong></span> <span class='ocrx_word' id='word_1_99' title='bbox 449 1860 601 1910; x_wconf 82' lang='lat' dir='ltr'><strong>posse</strong></span> <span class='ocrx_word' id='word_1_100' title='bbox 627 1848 983 1914; x_wconf 82' lang='lat' dir='ltr'><strong>intelligebat,</strong></span> <span class='ocrx_word' id='word_1_101' title='bbox 1005 1849 1106 1898; x_wconf 86' lang='lat' dir='ltr'><strong>nisi</strong></span> <span class='ocrx_word' id='word_1_102' title='bbox 1130 1849 1245 1899; x_wconf 85' lang='lat' dir='ltr'><strong>aliis</strong></span> <span class='ocrx_word' id='word_1_103' title='bbox 1268 1849 1395 1899; x_wconf 84' lang='lat' dir='ltr'><strong>aiibi</strong></span> 
     </span>
     <span class='ocr_line' id='line_1_19' title="bbox 313 1919 1395 1992; baseline 0.006 -22"><span class='ocrx_word' id='word_1_104' title='bbox 313 1919 529 1972; x_wconf 76' lang='lat' dir='ltr'><strong>felicius</strong></span> <span class='ocrx_word' id='word_1_105' title='bbox 556 1925 810 1987; x_wconf 78' lang='lat' dir='ltr'><strong>tentatis3</strong></span> <span class='ocrx_word' id='word_1_106' title='bbox 841 1928 1037 1991; x_wconf 78' lang='lat' dir='ltr'><strong>pudore,</strong></span> <span class='ocrx_word' id='word_1_107' title='bbox 1076 1941 1179 1992; x_wconf 92' lang='lat' dir='ltr'><strong>quo</strong></span> <span class='ocrx_word' id='word_1_108' title='bbox 1218 1927 1268 1976; x_wconf 89' lang='lat' dir='ltr'><strong>in</strong></span> <span class='ocrx_word' id='word_1_109' title='bbox 1303 1940 1395 1977; x_wconf 86' lang='lat' dir='ltr'><strong>suo</strong></span> 
     </span>
     <span class='ocr_line' id='line_1_20' title="bbox 318 1998 1395 2068; baseline 0.005 -20"><span class='ocrx_word' id='word_1_110' title='bbox 318 1998 433 2064; x_wconf 79' lang='lat' dir='ltr'><strong>ipse</strong></span> <span class='ocrx_word' id='word_1_111' title='bbox 459 2000 681 2067; x_wconf 81' lang='lat' dir='ltr'><strong>judicio,</strong></span> <span class='ocrx_word' id='word_1_112' title='bbox 703 2004 944 2068; x_wconf 89' lang='lat' dir='ltr'><strong>quotiens</strong></span> <span class='ocrx_word' id='word_1_113' title='bbox 975 2003 1258 2068; x_wconf 78' lang='lat' dir='ltr'><strong>inspiceret</strong></span> <span class='ocrx_word' id='word_1_114' title='bbox 1279 2004 1395 2054; x_wconf 79' lang='lat' dir='ltr'><strong>haec</strong></span> 
     </span>
     <span class='ocr_line' id='line_1_21' title="bbox 318 2076 1394 2140; baseline 0.006 -15"><span class='ocrx_word' id='word_1_115' title='bbox 318 2076 458 2140; x_wconf 83' lang='lat' dir='ltr'><strong>loca,</strong></span> <span class='ocrx_word' id='word_1_116' title='bbox 480 2078 733 2129; x_wconf 77' lang='lat' dir='ltr'><strong>subeunte</strong></span> <span class='ocrx_word' id='word_1_117' title='bbox 774 2080 913 2129; x_wconf 79' lang='lat' dir='ltr'><strong>irriti</strong></span> <span class='ocrx_word' id='word_1_118' title='bbox 953 2086 1169 2131; x_wconf 86' lang='lat' dir='ltr'><strong>conatus</strong></span> <span class='ocrx_word' id='word_1_119' title='bbox 1203 2094 1394 2131; x_wconf 87' lang='lat' dir='ltr'><strong>memo-</strong></span> 
     </span>
     <span class='ocr_line' id='line_1_22' title="bbox 313 2153 1393 2223; baseline 0.003 -18"><span class='ocrx_word' id='word_1_120' title='bbox 313 2153 420 2216; x_wconf 74' lang='lat' dir='ltr'><strong>ris,</strong></span> <span class='ocrx_word' id='word_1_121' title='bbox 475 2154 645 2218; x_wconf 74' lang='lat' dir='ltr'><strong>gravis</strong></span> <span class='ocrx_word' id='word_1_122' title='bbox 699 2156 798 2207; x_wconf 85' lang='lat' dir='ltr'><strong>sibi</strong></span> <span class='ocrx_word' id='word_1_123' title='bbox 855 2156 1204 2223; x_wconf 78' lang='lat' dir='ltr'><strong>molestasque</strong></span> <span class='ocrx_word' id='word_1_124' title='bbox 1260 2162 1393 2208; x_wconf 85' lang='lat' dir='ltr'><strong>erat.</strong></span> 
     </span>
     <span class='ocr_line' id='line_1_23' title="bbox 322 2230 1396 2284; baseline 0.006 -6"><span class='ocrx_word' id='word_1_125' title='bbox 322 2230 649 2282; x_wconf 73' lang='lat' dir='ltr'><strong>Boxhornius.</strong></span> <span class='ocrx_word' id='word_1_126' title='bbox 696 2233 888 2283; x_wconf 80' lang='lat' dir='ltr'><strong>Forte:</strong></span> <span class='ocrx_word' id='word_1_127' title='bbox 914 2234 985 2282; x_wconf 80' lang='lat' dir='ltr'><strong>Et</strong></span> <span class='ocrx_word' id='word_1_128' title='bbox 1012 2235 1206 2283; x_wconf 80' lang='lat' dir='ltr'><strong>Coecinu</strong></span> <span class='ocrx_word' id='word_1_129' title='bbox 1224 2236 1396 2284; x_wconf 77' lang='lat' dir='ltr'><strong>damno</strong></span> 
     </span>
     <span class='ocr_line' id='line_1_24' title="bbox 320 2310 1397 2375; baseline 0.006 -19"><span class='ocrx_word' id='word_1_130' title='bbox 320 2311 373 2356; x_wconf 80' lang='lat' dir='ltr'><strong>et</strong></span> <span class='ocrx_word' id='word_1_131' title='bbox 402 2310 582 2371; x_wconf 80' lang='lat' dir='ltr'><strong>pudore</strong></span> <span class='ocrx_word' id='word_1_132' title='bbox 613 2312 778 2373; x_wconf 62' lang='grc' dir='ltr'><strong>ταμίαι</strong></span> <span class='ocrx_word' id='word_1_133' title='bbox 808 2315 982 2360; x_wconf 81' lang='lat' dir='ltr'><strong>temere</strong></span> <span class='ocrx_word' id='word_1_134' title='bbox 1015 2312 1397 2375; x_wconf 76' lang='lat' dir='ltr'><strong>oppugnationis.</strong></span> 
     </span>
     <span class='ocr_line' id='line_1_25' title="bbox 322 2385 1398 2455; baseline 0.002 -17"><span class='ocrx_word' id='word_1_135' title='bbox 322 2385 565 2438; x_wconf 81' lang='lat' dir='ltr'><strong>Justinus</strong></span> <span class='ocrx_word' id='word_1_136' title='bbox 609 2387 700 2437; x_wconf 89' lang='lat' dir='ltr'><strong>lib.</strong></span> <span class='ocrx_word' id='word_1_137' title='bbox 743 2402 810 2439; x_wconf 85' lang='grc' dir='ltr'><strong>ιι.</strong></span> <span class='ocrx_word' id='word_1_138' title='bbox 842 2389 858 2418; x_wconf 88' lang='lat'>‘</span> <span class='ocrx_word' id='word_1_139' title='bbox 882 2389 1084 2439; x_wconf 81' lang='lat' dir='ltr'><strong>amissis</strong></span> <span class='ocrx_word' id='word_1_140' title='bbox 1125 2390 1398 2455; x_wconf 82' lang='lat' dir='ltr'><strong>octoginta</strong></span> 
     </span>
     <span class='ocr_line' id='line_1_26' title="bbox 322 2463 1397 2532; baseline 0.007 -21"><span class='ocrx_word' id='word_1_141' title='bbox 322 2463 554 2513; x_wconf 81' lang='lat' dir='ltr'><strong>millibus</strong></span> <span class='ocrx_word' id='word_1_142' title='bbox 590 2465 852 2515; x_wconf 85' lang='lat' dir='ltr'><strong>hominnm</strong></span> <span class='ocrx_word' id='word_1_143' title='bbox 899 2466 1138 2531; x_wconf 82' lang='lat' dir='ltr'><strong>trepidus</strong></span> <span class='ocrx_word' id='word_1_144' title='bbox 1182 2467 1397 2532; x_wconf 78' lang='lat' dir='ltr'><strong>refugit,</strong></span> 
     </span>
     <span class='ocr_line' id='line_1_27' title="bbox 321 2540 1398 2604; baseline 0.006 -15"><span class='ocrx_word' id='word_1_145' title='bbox 321 2553 447 2604; x_wconf 76' lang='lat' dir='ltr'><strong>quae</strong></span> <span class='ocrx_word' id='word_1_146' title='bbox 475 2540 692 2604; x_wconf 85' lang='lat' dir='ltr'><strong>jactura</strong></span> <span class='ocrx_word' id='word_1_147' title='bbox 720 2543 863 2593; x_wconf 83' lang='lat' dir='ltr'><strong>inter</strong></span> <span class='ocrx_word' id='word_1_148' title='bbox 900 2542 1088 2595; x_wconf 81' lang='lat' dir='ltr'><strong>damna</strong></span> <span class='ocrx_word' id='word_1_149' title='bbox 1126 2551 1398 2596; x_wconf 83' lang='lat' dir='ltr'><strong>numerata</strong></span> 
     </span>
     <span class='ocr_line' id='line_1_28' title="bbox 321 2619 923 2672; baseline 0.007 -4"><span class='ocrx_word' id='word_1_150' title='bbox 321 2630 432 2668; x_wconf 80' lang='lat' dir='ltr'><strong>non</strong></span> <span class='ocrx_word' id='word_1_151' title='bbox 456 2619 580 2668; x_wconf 85' lang='lat' dir='ltr'><strong>est.&#39;·</strong></span> <span class='ocrx_word' id='word_1_152' title='bbox 637 2620 923 2672; x_wconf 75' lang='lat' dir='ltr'><strong>Gronovius.</strong></span> 
     </span>
    </p>

    <p class='ocr_par' dir='ltr' id='par_1_5' title="bbox 325 2695 1400 2915">
     <span class='ocr_line' id='line_1_29' title="bbox 397 2695 1397 2765; baseline 0.005 -21"><span class='ocrx_word' id='word_1_153' title='bbox 397 2695 677 2746; x_wconf 74' lang='lat' dir='ltr'><strong>Cremonam</strong></span> <span class='ocrx_word' id='word_1_154' title='bbox 708 2703 870 2762; x_wconf 79' lang='lat' dir='ltr'><strong>petere</strong></span> <span class='ocrx_word' id='word_1_155' title='bbox 903 2699 1138 2765; x_wconf 73' lang='lat' dir='ltr'><strong>intendit]</strong></span> <span class='ocrx_word' id='word_1_156' title='bbox 1169 2700 1271 2750; x_wconf 80' lang='lat' dir='ltr'><strong>&#39;Vel</strong></span> <span class='ocrx_word' id='word_1_157' title='bbox 1293 2712 1397 2749; x_wconf 78' lang='lat' dir='ltr'><strong>vox</strong></span> 
     </span>
     <span class='ocr_line' id='line_1_30' title="bbox 325 2769 1400 2840; baseline 0.006 -21"><span class='ocrx_word' id='word_1_158' title='bbox 325 2769 552 2837; x_wconf 61' lang='lat' dir='ltr'><strong>inuadit,</strong></span> <span class='ocrx_word' id='word_1_159' title='bbox 578 2773 659 2821; x_wconf 85' lang='lat' dir='ltr'><strong>vel</strong></span> <span class='ocrx_word' id='word_1_160' title='bbox 698 2774 884 2839; x_wconf 74' lang='lat' dir='ltr'><strong>altera,</strong></span> <span class='ocrx_word' id='word_1_161' title='bbox 916 2778 1098 2840; x_wconf 77' lang='lat' dir='ltr'><strong>petere,</strong></span> <span class='ocrx_word' id='word_1_162' title='bbox 1121 2776 1267 2825; x_wconf 73' lang='lat' dir='ltr'><strong>salva</strong></span> <span class='ocrx_word' id='word_1_163' title='bbox 1286 2782 1400 2825; x_wconf 78' lang='lat' dir='ltr'><strong>sen·</strong></span> 
     </span>
     <span class='ocr_line' id='line_1_31' title="bbox 325 2848 1214 2915; baseline 0.007 -17"><span class='ocrx_word' id='word_1_164' title='bbox 325 2849 501 2898; x_wconf 79' lang='lat' dir='ltr'><strong>tentia</strong></span> <span class='ocrx_word' id='word_1_165' title='bbox 524 2848 640 2899; x_wconf 80' lang='lat' dir='ltr'><strong>tolli</strong></span> <span class='ocrx_word' id='word_1_166' title='bbox 660 2858 887 2915; x_wconf 82' lang='lat' dir='ltr'><strong>poterat.</strong></span> <span class='ocrx_word' id='word_1_167' title='bbox 957 2854 1214 2904; x_wconf 70' lang='lat' dir='ltr'><strong>Gruterus.</strong></span> 
     </span>
    </p>

    <p class='ocr_par' dir='ltr' id='par_1_6' title="bbox 327 2926 1406 3459">
     <span class='ocr_line' id='line_1_32' title="bbox 396 2926 1404 2981; baseline 0.007 -7"><span class='ocrx_word' id='word_1_168' title='bbox 396 2926 657 2977; x_wconf 82' lang='lat' dir='ltr'><strong>Tradidere</strong></span> <span class='ocrx_word' id='word_1_169' title='bbox 686 2943 738 2977; x_wconf 81' lang='lat' dir='ltr'><strong>se</strong></span> <span class='ocrx_word' id='word_1_170' title='bbox 755 2927 950 2979; x_wconf 78' lang='lat' dir='ltr'><strong>abeunii</strong></span> <span class='ocrx_word' id='word_1_171' title='bbox 974 2928 1404 2981; x_wconf 60' lang='lat' dir='ltr'><strong>Turullius‘cerea·</strong></span> 
     </span>
     <span class='ocr_line' id='line_1_33' title="bbox 328 3001 1401 3072; baseline 0.006 -21"><span class='ocrx_word' id='word_1_172' title='bbox 328 3001 415 3065; x_wconf 76' lang='lat' dir='ltr'><strong>lis]</strong></span> <span class='ocrx_word' id='word_1_173' title='bbox 479 3003 555 3052; x_wconf 83' lang='lat' dir='ltr'><strong>Ut</strong></span> <span class='ocrx_word' id='word_1_174' title='bbox 597 3005 841 3070; x_wconf 79' lang='lat' dir='ltr'><strong>penitiori</strong></span> <span class='ocrx_word' id='word_1_175' title='bbox 883 3008 1050 3057; x_wconf 88' lang='lat' dir='ltr'><strong>lector</strong></span> <span class='ocrx_word' id='word_1_176' title='bbox 1091 3007 1401 3072; x_wconf 82' lang='lat' dir='ltr'><strong>cognotione</strong></span> 
     </span>
     <span class='ocr_line' id='line_1_34' title="bbox 327 3078 1404 3148; baseline 0.003 -18"><span class='ocrx_word' id='word_1_177' title='bbox 327 3078 613 3145; x_wconf 82' lang='lat' dir='ltr'><strong>frueretur,</strong></span> <span class='ocrx_word' id='word_1_178' title='bbox 652 3083 780 3133; x_wconf 84' lang='lat' dir='ltr'><strong>utile</strong></span> <span class='ocrx_word' id='word_1_179' title='bbox 823 3082 1009 3135; x_wconf 84' lang='lat' dir='ltr'><strong>fuisset</strong></span> <span class='ocrx_word' id='word_1_180' title='bbox 1045 3082 1327 3148; x_wconf 75' lang='lat' dir='ltr'><strong>addidisse,</strong></span> <span class='ocrx_word' id='word_1_181' title='bbox 1371 3099 1404 3133; x_wconf 88' lang='lat' dir='ltr'><strong>a</strong></span> 
     </span>
     <span class='ocr_line' id='line_1_35' title="bbox 327 3156 1402 3223; baseline 0.005 -15"><span class='ocrx_word' id='word_1_182' title='bbox 327 3156 594 3223; x_wconf 77' lang='lat' dir='ltr'><strong>Spurinna</strong></span> <span class='ocrx_word' id='word_1_183' title='bbox 613 3158 931 3213; x_wconf 81' lang='lat' dir='ltr'><strong>defecissent</strong></span> <span class='ocrx_word' id='word_1_184' title='bbox 955 3177 1022 3215; x_wconf 89' lang='lat' dir='ltr'><strong>an</strong></span> <span class='ocrx_word' id='word_1_185' title='bbox 1046 3178 1078 3212; x_wconf 90' lang='lat' dir='ltr'><strong>a</strong></span> <span class='ocrx_word' id='word_1_186' title='bbox 1103 3156 1256 3212; x_wconf 80' lang='lat' dir='ltr'><strong>Gallo</strong></span> <span class='ocrx_word' id='word_1_187' title='bbox 1280 3162 1402 3213; x_wconf 85' lang='lat' dir='ltr'><strong>alio-</strong></span> 
     </span>
     <span class='ocr_line' id='line_1_36' title="bbox 331 3239 1406 3306; baseline 0.004 -20"><span class='ocrx_word' id='word_1_188' title='bbox 331 3251 399 3286; x_wconf 81' lang='lat' dir='ltr'><strong>ve</strong></span> <span class='ocrx_word' id='word_1_189' title='bbox 443 3239 703 3304; x_wconf 83' lang='lat' dir='ltr'><strong>quopiam,</strong></span> <span class='ocrx_word' id='word_1_190' title='bbox 746 3245 801 3290; x_wconf 86' lang='lat' dir='ltr'><strong>et</strong></span> <span class='ocrx_word' id='word_1_191' title='bbox 845 3252 964 3306; x_wconf 79' lang='lat' dir='ltr'><strong>qnae</strong></span> <span class='ocrx_word' id='word_1_192' title='bbox 1011 3241 1146 3291; x_wconf 85' lang='lat' dir='ltr'><strong>istuc</strong></span> <span class='ocrx_word' id='word_1_193' title='bbox 1192 3239 1406 3291; x_wconf 83' lang='lat' dir='ltr'><strong>fortuna</strong></span> 
     </span>
     <span class='ocr_line' id='line_1_37' title="bbox 329 3313 1404 3383; baseline 0.006 -21"><span class='ocrx_word' id='word_1_194' title='bbox 329 3313 631 3371; x_wconf 81' lang='lat' dir='ltr'><strong>detulisset.</strong></span> <span class='ocrx_word' id='word_1_195' title='bbox 680 3314 912 3369; x_wconf 61' lang='lat' dir='ltr'><strong>Racilius.</strong></span> <span class='ocrx_word' id='word_1_196' title='bbox 980 3316 1279 3383; x_wconf 77' lang='lat' dir='ltr'><strong>Ingeminat</strong></span> <span class='ocrx_word' id='word_1_197' title='bbox 1316 3318 1404 3368; x_wconf 88' lang='lat' dir='ltr'><strong>hic</strong></span> 
     </span>
     <span class='ocr_line' id='line_1_38' title="bbox 331 3390 1402 3459; baseline 0.007 -20"><span class='ocrx_word' id='word_1_198' title='bbox 331 3390 479 3440; x_wconf 82' lang='lat' dir='ltr'><strong>Flor.</strong></span> <span class='ocrx_word' id='word_1_199' title='bbox 492 3406 605 3442; x_wconf 80' lang='lat' dir='ltr'><strong>sese.</strong></span> <span class='ocrx_word' id='word_1_200' title='bbox 638 3392 816 3459; x_wconf 78' lang='lat' dir='ltr'><strong>Vulgo</strong></span> <span class='ocrx_word' id='word_1_201' title='bbox 832 3401 1032 3446; x_wconf 81' lang='lat' dir='ltr'><strong>tantum</strong></span> <span class='ocrx_word' id='word_1_202' title='bbox 1048 3411 1113 3446; x_wconf 77' lang='lat' dir='ltr'><strong>se.</strong></span> <span class='ocrx_word' id='word_1_203' title='bbox 1150 3392 1402 3446; x_wconf 83' lang='lat' dir='ltr'><strong>Pichena.</strong></span> 
     </span>
    </p>

    <p class='ocr_par' dir='ltr' id='par_1_7' title="bbox 333 3470 1419 4466">
     <span class='ocr_line' id='line_1_39' title="bbox 402 3470 1406 3540; baseline 0.003 -19"><span class='ocrx_word' id='word_1_204' title='bbox 402 3470 540 3522; x_wconf 71' lang='lat' dir='ltr'><strong>Cu’.</strong></span> <span class='ocrx_word' id='word_1_205' title='bbox 577 3476 658 3522; x_wconf 73' lang='lat'><strong>28.</strong></span> <span class='ocrx_word' id='word_1_206' title='bbox 693 3472 947 3538; x_wconf 77' lang='lat' dir='ltr'><strong>Bedriaci]</strong></span> <span class='ocrx_word' id='word_1_207' title='bbox 995 3474 1156 3524; x_wconf 84' lang='lat' dir='ltr'><strong>Vicus</strong></span> <span class='ocrx_word' id='word_1_208' title='bbox 1195 3486 1406 3540; x_wconf 79' lang='lat' dir='ltr'><strong>parvus,</strong></span> 
     </span>
     <span class='ocr_line' id='line_1_40' title="bbox 333 3546 1407 3615; baseline 0.002 -19"><span class='ocrx_word' id='word_1_209' title='bbox 333 3546 435 3597; x_wconf 79' lang='lat' dir='ltr'><strong>sed</strong></span> <span class='ocrx_word' id='word_1_210' title='bbox 470 3547 671 3598; x_wconf 81' lang='lat' dir='ltr'><strong>duabus</strong></span> <span class='ocrx_word' id='word_1_211' title='bbox 712 3548 956 3601; x_wconf 79' lang='lat' dir='ltr'><strong>Romanis</strong></span> <span class='ocrx_word' id='word_1_212' title='bbox 996 3549 1231 3601; x_wconf 79' lang='lat' dir='ltr'><strong>cladibus</strong></span> <span class='ocrx_word' id='word_1_213' title='bbox 1252 3551 1407 3615; x_wconf 80' lang='lat' dir='ltr'><strong>insig-</strong></span> 
     </span>
     <span class='ocr_line' id='line_1_41' title="bbox 335 3625 1408 3692; baseline 0.004 -19"><span class='ocrx_word' id='word_1_214' title='bbox 335 3625 439 3686; x_wconf 82' lang='lat' dir='ltr'><strong>nis,</strong></span> <span class='ocrx_word' id='word_1_215' title='bbox 457 3636 555 3674; x_wconf 84' lang='lat' dir='ltr'><strong>nec</strong></span> <span class='ocrx_word' id='word_1_216' title='bbox 571 3625 838 3692; x_wconf 82' lang='lat' dir='ltr'><strong>indignior</strong></span> <span class='ocrx_word' id='word_1_217' title='bbox 856 3627 1006 3692; x_wconf 82' lang='lat' dir='ltr'><strong>cujus</strong></span> <span class='ocrx_word' id='word_1_218' title='bbox 1019 3638 1202 3679; x_wconf 51' lang='lat' dir='ltr'><strong>¹verum</strong></span> <span class='ocrx_word' id='word_1_219' title='bbox 1218 3640 1408 3678; x_wconf 87' lang='lat' dir='ltr'><strong>nomeu</strong></span> 
     </span>
     <span class='ocr_line' id='line_1_42' title="bbox 335 3702 1411 3771; baseline 0.007 -20"><span class='ocrx_word' id='word_1_220' title='bbox 335 3702 587 3764; x_wconf 73' lang='lat' dir='ltr'><strong>norinsus,</strong></span> <span class='ocrx_word' id='word_1_221' title='bbox 609 3718 763 3769; x_wconf 86' lang='lat' dir='ltr'><strong>quam</strong></span> <span class='ocrx_word' id='word_1_222' title='bbox 797 3705 991 3756; x_wconf 81' lang='lat' dir='ltr'><strong>Cannae</strong></span> <span class='ocrx_word' id='word_1_223' title='bbox 1032 3710 1123 3756; x_wconf 82' lang='lat' dir='ltr'><strong>aut</strong></span> <span class='ocrx_word' id='word_1_224' title='bbox 1158 3706 1411 3771; x_wconf 81' lang='lat' dir='ltr'><strong>Philippi.</strong></span> 
     </span>
     <span class='ocr_line' id='line_1_43' title="bbox 338 3778 1412 3850; baseline 0.006 -23"><span class='ocrx_word' id='word_1_225' title='bbox 338 3778 514 3844; x_wconf 83' lang='lat' dir='ltr'><strong>Vulgo</strong></span> <span class='ocrx_word' id='word_1_226' title='bbox 537 3780 825 3831; x_wconf 65' lang='lat' dir='ltr'><strong>Rebi-iocum</strong></span> <span class='ocrx_word' id='word_1_227' title='bbox 847 3783 1132 3849; x_wconf 85' lang='lat' dir='ltr'><strong>appellant,</strong></span> <span class='ocrx_word' id='word_1_228' title='bbox 1154 3790 1313 3850; x_wconf 85' lang='lat' dir='ltr'><strong>atque</strong></span> <span class='ocrx_word' id='word_1_229' title='bbox 1334 3783 1412 3835; x_wconf 86' lang='lat' dir='ltr'><strong>ita</strong></span> 
     </span>
     <span class='ocr_line' id='line_1_44' title="bbox 335 3856 1409 3927; baseline 0 -16"><span class='ocrx_word' id='word_1_230' title='bbox 335 3856 607 3911; x_wconf 77' lang='lat' dir='ltr'><strong>Juvenalis</strong></span> <span class='ocrx_word' id='word_1_231' title='bbox 650 3857 789 3922; x_wconf 86' lang='lat' dir='ltr'><strong>libri,</strong></span> <span class='ocrx_word' id='word_1_232' title='bbox 832 3859 848 3887; x_wconf 92' lang='lat'>‘</span> <span class='ocrx_word' id='word_1_233' title='bbox 871 3858 1118 3910; x_wconf 83' lang='lat' dir='ltr'><strong>Bebriaci</strong></span> <span class='ocrx_word' id='word_1_234' title='bbox 1153 3861 1206 3910; x_wconf 89' lang='lat' dir='ltr'><strong>in</strong></span> <span class='ocrx_word' id='word_1_235' title='bbox 1224 3860 1409 3927; x_wconf 86' lang='lat' dir='ltr'><strong>c¹ampo</strong></span> 
     </span>
     <span class='ocr_line' id='line_1_45' title="bbox 337 3933 1408 3999; baseline 0.005 -15"><span class='ocrx_word' id='word_1_236' title='bbox 337 3934 566 3999; x_wconf 79' lang='lat' dir='ltr'><strong>spolium</strong></span> <span class='ocrx_word' id='word_1_237' title='bbox 599 3933 870 3986; x_wconf 72' lang='lat' dir='ltr'><strong>adfectare</strong></span> <span class='ocrx_word' id='word_1_238' title='bbox 902 3936 1106 3988; x_wconf 85' lang='lat' dir='ltr'><strong>Palatl’</strong></span> <span class='ocrx_word' id='word_1_239' title='bbox 1142 3936 1218 3989; x_wconf 91' lang='lat' dir='ltr'><strong>At</strong></span> <span class='ocrx_word' id='word_1_240' title='bbox 1240 3939 1408 3989; x_wconf 82' lang='lat' dir='ltr'><strong>since·</strong></span> 
     </span>
     <span class='ocr_line' id='line_1_46' title="bbox 343 4010 1406 4081; baseline 0.005 -19"><span class='ocrx_word' id='word_1_241' title='bbox 343 4026 433 4062; x_wconf 79' lang='lat' dir='ltr'><strong>rus</strong></span> <span class='ocrx_word' id='word_1_242' title='bbox 473 4012 564 4061; x_wconf 86' lang='lat' dir='ltr'><strong>ille</strong></span> <span class='ocrx_word' id='word_1_243' title='bbox 602 4010 777 4062; x_wconf 79' lang='lat' dir='ltr'><strong>Vatio.</strong></span> <span class='ocrx_word' id='word_1_244' title='bbox 818 4012 1127 4079; x_wconf 78' lang='lat' dir='ltr'><strong>Bedriacum,</strong></span> <span class='ocrx_word' id='word_1_245' title='bbox 1170 4026 1406 4081; x_wconf 81' lang='lat' dir='ltr'><strong>semper:</strong></span> 
     </span>
     <span class='ocr_line' id='line_1_47' title="bbox 341 4088 1414 4159; baseline 0.006 -22"><span class='ocrx_word' id='word_1_246' title='bbox 341 4088 600 4154; x_wconf 82' lang='lat' dir='ltr'><strong>&#39;quomodo</strong></span> <span class='ocrx_word' id='word_1_247' title='bbox 619 4089 743 4139; x_wconf 79' lang='lat' dir='ltr'><strong>etin</strong></span> <span class='ocrx_word' id='word_1_248' title='bbox 761 4090 974 4142; x_wconf 86' lang='lat' dir='ltr'><strong>Clariss.</strong></span> <span class='ocrx_word' id='word_1_249' title='bbox 992 4090 1236 4143; x_wconf 85' lang='lat' dir='ltr'><strong>Sambuci</strong></span> <span class='ocrx_word' id='word_1_250' title='bbox 1252 4095 1414 4159; x_wconf 82' lang='lat' dir='ltr'><strong>scrip-</strong></span> 
     </span>
     <span class='ocr_line' id='line_1_48' title="bbox 341 4165 1415 4233; baseline 0.005 -19"><span class='ocrx_word' id='word_1_251' title='bbox 341 4171 402 4215; x_wconf 78' lang='lat' dir='ltr'><strong>to</strong></span> <span class='ocrx_word' id='word_1_252' title='bbox 425 4165 608 4215; x_wconf 80' lang='lat' dir='ltr'><strong>codice</strong></span> <span class='ocrx_word' id='word_1_253' title='bbox 629 4176 841 4217; x_wconf 84' lang='lat' dir='ltr'><strong>exstare</strong></span> <span class='ocrx_word' id='word_1_254' title='bbox 863 4170 1105 4233; x_wconf 76' lang='lat' dir='ltr'><strong>cognovi,</strong></span> <span class='ocrx_word' id='word_1_255' title='bbox 1128 4181 1244 4219; x_wconf 87' lang='lat' dir='ltr'><strong>cum</strong></span> <span class='ocrx_word' id='word_1_256' title='bbox 1266 4170 1415 4219; x_wconf 83' lang='lat' dir='ltr'><strong>stric-</strong></span> 
     </span>
     <span class='ocr_line' id='line_1_49' title="bbox 346 4242 1415 4297; baseline 0.005 -5"><span class='ocrx_word' id='word_1_257' title='bbox 346 4243 442 4292; x_wconf 79' lang='lat' dir='ltr'><strong>tim</strong></span> <span class='ocrx_word' id='word_1_258' title='bbox 477 4254 596 4294; x_wconf 78' lang='lat' dir='ltr'><strong>enm</strong></span> <span class='ocrx_word' id='word_1_259' title='bbox 629 4242 847 4295; x_wconf 59' lang='lat' dir='ltr'><strong>Viennae</strong></span> <span class='ocrx_word' id='word_1_260' title='bbox 885 4244 1142 4296; x_wconf 79' lang='lat' dir='ltr'><strong>vidissem.</strong></span> <span class='ocrx_word' id='word_1_261' title='bbox 1222 4244 1287 4297; x_wconf 82' lang='lat' dir='ltr'><strong>In</strong></span> <span class='ocrx_word' id='word_1_262' title='bbox 1327 4262 1415 4297; x_wconf 82' lang='lat' dir='ltr'><strong>ve·</strong></span> 
     </span>
     <span class='ocr_line' id='line_1_50' title="bbox 337 4318 1416 4388; baseline 0.005 -20"><span class='ocrx_word' id='word_1_263' title='bbox 337 4319 504 4369; x_wconf 69' lang='lat' dir='ltr'><strong>‘mstis</strong></span> <span class='ocrx_word' id='word_1_264' title='bbox 521 4318 758 4371; x_wconf 77' lang='lat' dir='ltr'><strong>Suetonii</strong></span> <span class='ocrx_word' id='word_1_265' title='bbox 787 4318 952 4385; x_wconf 83' lang='lat' dir='ltr'><strong>libris,</strong></span> <span class='ocrx_word' id='word_1_266' title='bbox 970 4321 1264 4388; x_wconf 75' lang='lat' dir='ltr'><strong>Betriacum,</strong></span> <span class='ocrx_word' id='word_1_267' title='bbox 1285 4323 1416 4373; x_wconf 86' lang='lat' dir='ltr'><strong>dici-</strong></span> 
     </span>
     <span class='ocr_line' id='line_1_51' title="bbox 345 4392 1419 4466; baseline 0.005 -20"><span class='ocrx_word' id='word_1_268' title='bbox 345 4398 466 4448; x_wconf 73' lang='lat' dir='ltr'><strong>tur:</strong></span> <span class='ocrx_word' id='word_1_269' title='bbox 491 4396 642 4449; x_wconf 69' lang='lat' dir='ltr'><strong>sient</strong></span> <span class='ocrx_word' id='word_1_270' title='bbox 660 4403 717 4450; x_wconf 82' lang='lat' dir='ltr'><strong>ct</strong></span> <span class='ocrx_word' id='word_1_271' title='bbox 735 4396 793 4451; x_wconf 81' lang='lat' dir='ltr'><strong>in</strong></span> <span class='ocrx_word' id='word_1_272' title='bbox 813 4392 1121 4466; x_wconf 70' lang='lat' dir='ltr'><strong>Plutarcho,</strong></span> <span class='ocrx_word' id='word_1_273' title='bbox 1144 4398 1419 4466; x_wconf 58' lang='grc' dir='ltr'><strong>Βητριακὸν,</strong></span> 
     </span>
    </p>
   </div>
   <div class='ocr_carea' id='block_1_5' title="bbox 2342 448 2519 523">
    <p class='ocr_par' dir='ltr' id='par_1_8' title="bbox 2342 448 2519 523">
     <span class='ocr_line' id='line_1_52' title="bbox 2342 448 2519 523; baseline 0.023 -4"><span class='ocrx_word' id='word_1_274' title='bbox 2342 448 2519 523; x_wconf 72' lang='grc'>4199</span> 
     </span>
    </p>
   </div>
   <div class='ocr_carea' id='block_1_6' title="bbox 1455 612 2522 757">
    <p class='ocr_par' dir='ltr' id='par_1_9' title="bbox 1455 612 2522 757">
     <span class='ocr_line' id='line_1_53' title="bbox 1455 612 2522 678; baseline 0.003 -14"><span class='ocrx_word' id='word_1_275' title='bbox 1455 613 1666 678; x_wconf 68' lang='grc' dir='ltr'>πολίχνη</span> <span class='ocrx_word' id='word_1_276' title='bbox 1701 612 1906 675; x_wconf 73' lang='grc' dir='ltr'>πλησίον</span> <span class='ocrx_word' id='word_1_277' title='bbox 1939 612 2199 678; x_wconf 66' lang='grc' dir='ltr'><strong><em>Κρεμώνης.</em></strong></span> <span class='ocrx_word' id='word_1_278' title='bbox 2253 613 2289 665; x_wconf 84' lang='lat' dir='ltr'>J</span> <span class='ocrx_word' id='word_1_279' title='bbox 2295 615 2522 667; x_wconf 75' lang='lat' dir='ltr'><strong>avenans</strong></span> 
     </span>
     <span class='ocr_line' id='line_1_54' title="bbox 1455 692 2521 757; baseline 0.002 -16"><span class='ocrx_word' id='word_1_280' title='bbox 1455 692 1716 756; x_wconf 78' lang='lat' dir='ltr'><strong>interpres</strong></span> <span class='ocrx_word' id='word_1_281' title='bbox 1759 706 1912 757; x_wconf 86' lang='lat' dir='ltr'><strong>quam</strong></span> <span class='ocrx_word' id='word_1_282' title='bbox 1952 698 2192 756; x_wconf 83' lang='lat' dir='ltr'><strong>nugatur,</strong></span> <span class='ocrx_word' id='word_1_283' title='bbox 2225 693 2314 757; x_wconf 88' lang='lat' dir='ltr'><strong>qui</strong></span> <span class='ocrx_word' id='word_1_284' title='bbox 2348 692 2521 744; x_wconf 78' lang='lat' dir='ltr'><strong>vicum</strong></span> 
     </span>
    </p>
   </div>
   <div class='ocr_carea' id='block_1_7' title="bbox 1456 767 2524 912">
    <p class='ocr_par' dir='ltr' id='par_1_10' title="bbox 1456 767 2524 912">
     <span class='ocr_line' id='line_1_55' title="bbox 1456 767 2523 834; baseline 0.003 -15"><span class='ocrx_word' id='word_1_285' title='bbox 1456 769 1593 819; x_wconf 86' lang='lat' dir='ltr'><strong>hunc</strong></span> <span class='ocrx_word' id='word_1_286' title='bbox 1640 769 1937 834; x_wconf 67' lang='lat' dir='ltr'><strong>Campaniae</strong></span> <span class='ocrx_word' id='word_1_287' title='bbox 1984 767 2141 819; x_wconf 80' lang='lat' dir='ltr'><strong>facit!</strong></span> <span class='ocrx_word' id='word_1_288' title='bbox 2192 770 2246 819; x_wconf 89' lang='lat' dir='ltr'><strong>iu</strong></span> <span class='ocrx_word' id='word_1_289' title='bbox 2291 770 2399 819; x_wconf 84' lang='lat' dir='ltr'><strong>Sat.</strong></span> <span class='ocrx_word' id='word_1_290' title='bbox 2433 780 2523 823; x_wconf 77' lang='grc' dir='ltr'><strong>ιιι.</strong></span> 
     </span>
     <span class='ocr_line' id='line_1_56' title="bbox 1457 843 2524 912; baseline -0.001 -15"><span class='ocrx_word' id='word_1_291' title='bbox 1457 848 1473 876; x_wconf 89' lang='lat'>‘</span> <span class='ocrx_word' id='word_1_292' title='bbox 1497 846 1791 909; x_wconf 76' lang='lat' dir='ltr'><strong>Othonem,&#39;</strong></span> <span class='ocrx_word' id='word_1_293' title='bbox 1825 846 2010 912; x_wconf 85' lang='lat' dir='ltr'><strong>inquit,</strong></span> <span class='ocrx_word' id='word_1_294' title='bbox 2043 851 2058 875; x_wconf 81' lang='lat'><strong>⁴</strong></span> <span class='ocrx_word' id='word_1_295' title='bbox 2081 844 2218 896; x_wconf 88' lang='lat' dir='ltr'><strong>bello</strong></span> <span class='ocrx_word' id='word_1_296' title='bbox 2254 843 2395 896; x_wconf 84' lang='lat' dir='ltr'><strong>civili</strong></span> <span class='ocrx_word' id='word_1_297' title='bbox 2433 848 2524 896; x_wconf 78' lang='lat' dir='ltr'><strong>vi-</strong></span> 
     </span>
    </p>
   </div>
   <div class='ocr_carea' id='block_1_8' title="bbox 1449 920 2525 988">
    <p class='ocr_par' dir='ltr' id='par_1_11' title="bbox 1449 920 2525 988">
     <span class='ocr_line' id='line_1_57' title="bbox 1449 920 2525 988; baseline 0 -13"><span class='ocrx_word' id='word_1_298' title='bbox 1449 924 1635 975; x_wconf 72' lang='lat' dir='ltr'><strong>tellius</strong></span> <span class='ocrx_word' id='word_1_299' title='bbox 1681 924 1809 974; x_wconf 86' lang='lat' dir='ltr'><strong>vicit</strong></span> <span class='ocrx_word' id='word_1_300' title='bbox 1845 924 1982 988; x_wconf 87' lang='lat' dir='ltr'><strong>apud</strong></span> <span class='ocrx_word' id='word_1_301' title='bbox 2022 920 2333 974; x_wconf 84' lang='lat' dir='ltr'><strong>Bebriacum</strong></span> <span class='ocrx_word' id='word_1_302' title='bbox 2375 925 2525 975; x_wconf 86' lang='lat' dir='ltr'><strong>Cam-</strong></span> 
     </span>
    </p>
   </div>
   <div class='ocr_carea' id='block_1_9' title="bbox 1457 999 2561 4469">
    <p class='ocr_par' dir='ltr' id='par_1_12' title="bbox 1457 999 2561 4469">
     <span class='ocr_line' id='line_1_58' title="bbox 1458 999 2526 1067; baseline -0.003 -16"><span class='ocrx_word' id='word_1_303' title='bbox 1458 1001 1668 1066; x_wconf 69' lang='lat' dir='ltr'><strong>paniae!</strong></span> <span class='ocrx_word' id='word_1_304' title='bbox 1732 1001 1899 1067; x_wconf 90' lang='lat' dir='ltr'><strong>Atqui</strong></span> <span class='ocrx_word' id='word_1_305' title='bbox 1930 1007 2108 1051; x_wconf 87' lang='lat' dir='ltr'><strong>noster</strong></span> <span class='ocrx_word' id='word_1_306' title='bbox 2130 1001 2300 1050; x_wconf 86' lang='lat' dir='ltr'><strong>clare:</strong></span> <span class='ocrx_word' id='word_1_307' title='bbox 2337 1001 2352 1028; x_wconf 94' lang='lat'>‘</span> <span class='ocrx_word' id='word_1_308' title='bbox 2380 999 2526 1049; x_wconf 87' lang='lat' dir='ltr'><strong>Inter</strong></span> 
     </span>
     <span class='ocr_line' id='line_1_59' title="bbox 1460 1074 2526 1143; baseline -0.002 -14"><span class='ocrx_word' id='word_1_309' title='bbox 1460 1079 1766 1130; x_wconf 85' lang='lat' dir='ltr'><strong>Cremonam</strong></span> <span class='ocrx_word' id='word_1_310' title='bbox 1795 1074 2158 1143; x_wconf 75' lang='lat' dir='ltr'><strong>veronamque</strong></span> <span class='ocrx_word' id='word_1_311' title='bbox 2199 1078 2324 1127; x_wconf 85' lang='lat' dir='ltr'><strong>situs</strong></span> <span class='ocrx_word' id='word_1_312' title='bbox 2363 1083 2445 1127; x_wconf 86' lang='lat' dir='ltr'><strong>est</strong></span> <span class='ocrx_word' id='word_1_313' title='bbox 2482 1077 2526 1128; x_wconf 86' lang='lat' dir='ltr'><strong>is</strong></span> 
     </span>
     <span class='ocr_line' id='line_1_60' title="bbox 1460 1153 2530 1220; baseline 0 -16"><span class='ocrx_word' id='word_1_314' title='bbox 1460 1156 1605 1206; x_wconf 83' lang='lat' dir='ltr'><strong>vicus</strong></span> <span class='ocrx_word' id='word_1_315' title='bbox 1626 1156 1659 1204; x_wconf 74' lang='grc' dir='ltr'><strong>ε’</strong></span> <span class='ocrx_word' id='word_1_316' title='bbox 1692 1161 1747 1206; x_wconf 90' lang='lat' dir='ltr'><strong>et</strong></span> <span class='ocrx_word' id='word_1_317' title='bbox 1781 1155 1893 1220; x_wconf 88' lang='lat' dir='ltr'><strong>ipse</strong></span> <span class='ocrx_word' id='word_1_318' title='bbox 1915 1155 2228 1206; x_wconf 81' lang='lat' dir='ltr'><strong>Scholiastes</strong></span> <span class='ocrx_word' id='word_1_319' title='bbox 2258 1166 2376 1204; x_wconf 85' lang='lat' dir='ltr'><strong>mox</strong></span> <span class='ocrx_word' id='word_1_320' title='bbox 2398 1153 2530 1204; x_wconf 89' lang='lat' dir='ltr'><strong>fate·</strong></span> 
     </span>
     <span class='ocr_line' id='line_1_61' title="bbox 1457 1231 2529 1297; baseline 0 -14"><span class='ocrx_word' id='word_1_321' title='bbox 1457 1234 1567 1284; x_wconf 80' lang='lat' dir='ltr'><strong>tur.</strong></span> <span class='ocrx_word' id='word_1_322' title='bbox 1635 1232 1896 1297; x_wconf 78' lang='lat' dir='ltr'><strong>corrupta</strong></span> <span class='ocrx_word' id='word_1_323' title='bbox 1939 1242 2002 1282; x_wconf 79' lang='lat' dir='ltr'><strong>ea</strong></span> <span class='ocrx_word' id='word_1_324' title='bbox 2043 1233 2205 1282; x_wconf 78' lang='lat' dir='ltr'><strong>verba·</strong></span> <span class='ocrx_word' id='word_1_325' title='bbox 2246 1231 2426 1297; x_wconf 71' lang='lat' dir='ltr'><strong>igitur,</strong></span> <span class='ocrx_word' id='word_1_326' title='bbox 2471 1237 2529 1283; x_wconf 88' lang='lat' dir='ltr'><strong>et</strong></span> 
     </span>
     <span class='ocr_line' id='line_1_62' title="bbox 1462 1306 2529 1375; baseline -0.001 -15"><span class='ocrx_word' id='word_1_327' title='bbox 1462 1310 1704 1375; x_wconf 84' lang='lat' dir='ltr'><strong>scripsit:</strong></span> <span class='ocrx_word' id='word_1_328' title='bbox 1738 1313 1862 1374; x_wconf 81' lang='lat' dir='ltr'><strong>apud</strong></span> <span class='ocrx_word' id='word_1_329' title='bbox 1882 1308 2111 1359; x_wconf 77' lang='lat' dir='ltr'><strong>Bedriaci</strong></span> <span class='ocrx_word' id='word_1_330' title='bbox 2130 1322 2357 1372; x_wconf 76' lang='lat' dir='ltr'><strong>campum.</strong></span> <span class='ocrx_word' id='word_1_331' title='bbox 2412 1306 2529 1360; x_wconf 85' lang='lat' dir='ltr'><strong>Ma-</strong></span> 
     </span>
     <span class='ocr_line' id='line_1_63' title="bbox 1461 1382 2529 1437; baseline -0.002 0"><span class='ocrx_word' id='word_1_332' title='bbox 1461 1386 1653 1437; x_wconf 88' lang='lat' dir='ltr'><strong>nifesto</strong></span> <span class='ocrx_word' id='word_1_333' title='bbox 1708 1386 1845 1437; x_wconf 89' lang='lat' dir='ltr'><strong>enim</strong></span> <span class='ocrx_word' id='word_1_334' title='bbox 1896 1384 2070 1436; x_wconf 82' lang='lat' dir='ltr'><strong>allusit</strong></span> <span class='ocrx_word' id='word_1_335' title='bbox 2121 1382 2392 1436; x_wconf 67' lang='lat' dir='ltr'><strong>,luvenalis</strong></span> <span class='ocrx_word' id='word_1_336' title='bbox 2448 1385 2529 1435; x_wconf 87' lang='lat' dir='ltr'><strong>sui</strong></span> 
     </span>
     <span class='ocr_line' id='line_1_64' title="bbox 1463 1462 2531 1527; baseline -0.003 -13"><span class='ocrx_word' id='word_1_337' title='bbox 1463 1479 1689 1527; x_wconf 84' lang='lat' dir='ltr'><strong>versum,</strong></span> <span class='ocrx_word' id='word_1_338' title='bbox 1743 1465 1759 1492; x_wconf 76' lang='lat'><strong>⁴</strong></span> <span class='ocrx_word' id='word_1_339' title='bbox 1783 1462 2027 1513; x_wconf 83' lang='lat' dir='ltr'><strong>Bedriaci</strong></span> <span class='ocrx_word' id='word_1_340' title='bbox 2081 1475 2265 1525; x_wconf 86' lang='lat' dir='ltr'><strong>campo</strong></span> <span class='ocrx_word' id='word_1_341' title='bbox 2310 1462 2531 1526; x_wconf 85' lang='lat' dir='ltr'><strong>spolium</strong></span> 
     </span>
     <span class='ocr_line' id='line_1_65' title="bbox 1463 1536 2529 1593; baseline -0.005 -1"><span class='ocrx_word' id='word_1_342' title='bbox 1463 1541 1713 1592; x_wconf 84' lang='lat' dir='ltr'><strong>affectare</strong></span> <span class='ocrx_word' id='word_1_343' title='bbox 1753 1539 1973 1593; x_wconf 64' lang='lat' dir='ltr'><strong>Palam</strong></span> <span class='ocrx_word' id='word_1_344' title='bbox 2037 1539 2192 1592; x_wconf 84' lang='lat' dir='ltr'><strong>Quod</strong></span> <span class='ocrx_word' id='word_1_345' title='bbox 2231 1545 2404 1588; x_wconf 87' lang='lat' dir='ltr'><strong>autem</strong></span> <span class='ocrx_word' id='word_1_346' title='bbox 2440 1536 2529 1588; x_wconf 88' lang='lat' dir='ltr'><strong>ad-</strong></span> 
     </span>
     <span class='ocr_line' id='line_1_66' title="bbox 1463 1615 2531 1670; baseline -0.005 -1"><span class='ocrx_word' id='word_1_347' title='bbox 1463 1620 1691 1670; x_wconf 83' lang='lat' dir='ltr'><strong>texitur:</strong></span> <span class='ocrx_word' id='word_1_348' title='bbox 1741 1616 1978 1668; x_wconf 87' lang='lat' dir='ltr'><strong>‘Horum</strong></span> <span class='ocrx_word' id='word_1_349' title='bbox 2017 1616 2215 1666; x_wconf 85' lang='lat' dir='ltr'><strong>bellum</strong></span> <span class='ocrx_word' id='word_1_350' title='bbox 2260 1615 2531 1665; x_wconf 86' lang='lat' dir='ltr'><strong>Cornelius</strong></span> 
     </span>
     <span class='ocr_line' id='line_1_67' title="bbox 1464 1691 2541 1762; baseline -0.006 -15"><span class='ocrx_word' id='word_1_351' title='bbox 1464 1697 1672 1762; x_wconf 87' lang='lat' dir='ltr'><strong>scripsit</strong></span> <span class='ocrx_word' id='word_1_352' title='bbox 1708 1703 1764 1746; x_wconf 86' lang='lat' dir='ltr'><strong>et</strong></span> <span class='ocrx_word' id='word_1_353' title='bbox 1796 1695 2074 1760; x_wconf 85' lang='lat' dir='ltr'><strong>Pompeius</strong></span> <span class='ocrx_word' id='word_1_354' title='bbox 2113 1694 2322 1756; x_wconf 86' lang='lat' dir='ltr'><strong>Planta,</strong></span> <span class='ocrx_word' id='word_1_355' title='bbox 2347 1693 2436 1758; x_wconf 86' lang='lat' dir='ltr'><strong>qui</strong></span> <span class='ocrx_word' id='word_1_356' title='bbox 2460 1691 2541 1741; x_wconf 86' lang='lat' dir='ltr'><strong>ait</strong></span> 
     </span>
     <span class='ocr_line' id='line_1_68' title="bbox 1465 1769 2534 1825; baseline -0.006 -2"><span class='ocrx_word' id='word_1_357' title='bbox 1465 1770 1781 1825; x_wconf 85' lang='lat' dir='ltr'><strong>Bebriacnm</strong></span> <span class='ocrx_word' id='word_1_358' title='bbox 1826 1772 1998 1823; x_wconf 83' lang='lat' dir='ltr'><strong>vicum</strong></span> <span class='ocrx_word' id='word_1_359' title='bbox 2045 1783 2161 1820; x_wconf 86' lang='lat' dir='ltr'><strong>esse</strong></span> <span class='ocrx_word' id='word_1_360' title='bbox 2209 1784 2241 1819; x_wconf 89' lang='lat' dir='ltr'><strong>a</strong></span> <span class='ocrx_word' id='word_1_361' title='bbox 2278 1769 2534 1820; x_wconf 86' lang='lat' dir='ltr'><strong>Cremona</strong></span> 
     </span>
     <span class='ocr_line' id='line_1_69' title="bbox 1468 1848 2535 1917; baseline -0.005 -15"><span class='ocrx_word' id='word_1_362' title='bbox 1468 1853 1714 1903; x_wconf 84' lang='lat' dir='ltr'><strong>vicesimo</strong></span> <span class='ocrx_word' id='word_1_363' title='bbox 1765 1851 1978 1917; x_wconf 84' lang='lat' dir='ltr'><strong>lapide.&#39;</strong></span> <span class='ocrx_word' id='word_1_364' title='bbox 2062 1850 2196 1899; x_wconf 86' lang='lat' dir='ltr'><strong>Saue</strong></span> <span class='ocrx_word' id='word_1_365' title='bbox 2233 1848 2535 1899; x_wconf 85' lang='lat' dir='ltr'><strong>Cornelium</strong></span> 
     </span>
     <span class='ocr_line' id='line_1_70' title="bbox 1466 1924 2535 1991; baseline -0.002 -14"><span class='ocrx_word' id='word_1_366' title='bbox 1466 1929 1604 1979; x_wconf 84' lang='lat' dir='ltr'><strong>huuc</strong></span> <span class='ocrx_word' id='word_1_367' title='bbox 1647 1936 1878 1979; x_wconf 84' lang='lat' dir='ltr'><strong>nostrum</strong></span> <span class='ocrx_word' id='word_1_368' title='bbox 1922 1927 2215 1991; x_wconf 81' lang='lat' dir='ltr'><strong>intellegit:</strong></span> <span class='ocrx_word' id='word_1_369' title='bbox 2253 1924 2535 1988; x_wconf 82' lang='lat' dir='ltr'><strong>Pompeius</strong></span> 
     </span>
     <span class='ocr_line' id='line_1_71' title="bbox 1466 2002 2471 2072; baseline -0.003 -17"><span class='ocrx_word' id='word_1_370' title='bbox 1466 2007 1557 2055; x_wconf 85' lang='lat' dir='ltr'><strong>iile</strong></span> <span class='ocrx_word' id='word_1_371' title='bbox 1577 2007 1690 2072; x_wconf 84' lang='lat' dir='ltr'><strong>quis</strong></span> <span class='ocrx_word' id='word_1_372' title='bbox 1713 2005 1801 2069; x_wconf 86' lang='lat' dir='ltr'><strong>sit,</strong></span> <span class='ocrx_word' id='word_1_373' title='bbox 1818 2006 2045 2056; x_wconf 85' lang='lat' dir='ltr'><strong>nondum</strong></span> <span class='ocrx_word' id='word_1_374' title='bbox 2070 2003 2294 2068; x_wconf 87' lang='lat' dir='ltr'><strong>repperi.</strong></span> <span class='ocrx_word' id='word_1_375' title='bbox 2337 2002 2471 2066; x_wconf 85' lang='lat' dir='ltr'><strong>Lips.</strong></span> 
     </span>
     <span class='ocr_line' id='line_1_72' title="bbox 1534 2078 2540 2146; baseline -0.005 -14"><span class='ocrx_word' id='word_1_376' title='bbox 1534 2081 1671 2133; x_wconf 79' lang='lat' dir='ltr'><strong>Situs</strong></span> <span class='ocrx_word' id='word_1_377' title='bbox 1691 2088 1760 2132; x_wconf 78' lang='lat' dir='ltr'><strong>est</strong></span> <span class='ocrx_word' id='word_1_378' title='bbox 1780 2081 1937 2146; x_wconf 77' lang='lat' dir='ltr'><strong>vicus]</strong></span> <span class='ocrx_word' id='word_1_379' title='bbox 1965 2079 2271 2142; x_wconf 80' lang='lat' dir='ltr'><strong>Bedriacum,</strong></span> <span class='ocrx_word' id='word_1_380' title='bbox 2292 2079 2366 2128; x_wconf 89' lang='lat' dir='ltr'><strong>ait</strong></span> <span class='ocrx_word' id='word_1_381' title='bbox 2383 2078 2540 2133; x_wconf 82' lang='lat' dir='ltr'><strong>Scho-</strong></span> 
     </span>
     <span class='ocr_line' id='line_1_73' title="bbox 1467 2156 2540 2221; baseline -0.004 -13"><span class='ocrx_word' id='word_1_382' title='bbox 1467 2159 1643 2210; x_wconf 83' lang='lat' dir='ltr'><strong>liastes</strong></span> <span class='ocrx_word' id='word_1_383' title='bbox 1677 2158 1968 2221; x_wconf 79' lang='lat' dir='ltr'><strong>Juvenalis,</strong></span> <span class='ocrx_word' id='word_1_384' title='bbox 2003 2158 2020 2185; x_wconf 90' lang='lat'>‘</span> <span class='ocrx_word' id='word_1_385' title='bbox 2043 2158 2183 2206; x_wconf 82' lang='lat' dir='ltr'><strong>vicus</strong></span> <span class='ocrx_word' id='word_1_386' title='bbox 2226 2163 2309 2205; x_wconf 81' lang='lat' dir='ltr'><strong>est</strong></span> <span class='ocrx_word' id='word_1_387' title='bbox 2345 2170 2376 2204; x_wconf 89' lang='lat' dir='ltr'><strong>a</strong></span> <span class='ocrx_word' id='word_1_388' title='bbox 2415 2156 2540 2205; x_wconf 86' lang='lat' dir='ltr'><strong>Cre·</strong></span> 
     </span>
     <span class='ocr_line' id='line_1_74' title="bbox 1468 2233 2418 2300; baseline -0.007 -12"><span class='ocrx_word' id='word_1_389' title='bbox 1468 2240 1622 2288; x_wconf 76' lang='lat' dir='ltr'><strong>mona</strong></span> <span class='ocrx_word' id='word_1_390' title='bbox 1644 2236 1887 2288; x_wconf 85' lang='lat' dir='ltr'><strong>vicesimo</strong></span> <span class='ocrx_word' id='word_1_391' title='bbox 1909 2233 2122 2300; x_wconf 64' lang='lat' dir='ltr'><strong>lapide!</strong></span> <span class='ocrx_word' id='word_1_392' title='bbox 2188 2233 2418 2283; x_wconf 65' lang='lat' dir='ltr'><strong>Sao-ilius.</strong></span> 
     </span>
     <span class='ocr_line' id='line_1_75' title="bbox 1538 2310 2539 2379; baseline -0.004 -14"><span class='ocrx_word' id='word_1_393' title='bbox 1538 2312 1698 2365; x_wconf 81' lang='lat' dir='ltr'><strong>Notus</strong></span> <span class='ocrx_word' id='word_1_394' title='bbox 1717 2310 2069 2379; x_wconf 62' lang='lat' dir='ltr'><strong>infaustaeque]</strong></span> <span class='ocrx_word' id='word_1_395' title='bbox 2122 2310 2230 2361; x_wconf 89' lang='lat' dir='ltr'><strong>Per</strong></span> <span class='ocrx_word' id='word_1_396' title='bbox 2264 2316 2539 2375; x_wconf 84' lang='lat' dir='ltr'><strong>utramque</strong></span> 
     </span>
     <span class='ocr_line' id='line_1_76' title="bbox 1472 2387 2540 2454; baseline -0.006 -12"><span class='ocrx_word' id='word_1_397' title='bbox 1472 2390 1675 2443; x_wconf 87' lang='lat' dir='ltr'><strong>cladem</strong></span> <span class='ocrx_word' id='word_1_398' title='bbox 1698 2388 1944 2454; x_wconf 81' lang='lat' dir='ltr'><strong>iutelligit</strong></span> <span class='ocrx_word' id='word_1_399' title='bbox 1966 2390 2067 2439; x_wconf 86' lang='lat' dir='ltr'><strong>dno</strong></span> <span class='ocrx_word' id='word_1_400' title='bbox 2096 2388 2293 2452; x_wconf 77' lang='lat' dir='ltr'><strong>praelia,</strong></span> <span class='ocrx_word' id='word_1_401' title='bbox 2318 2387 2540 2436; x_wconf 86' lang='lat' dir='ltr'><strong>alterum</strong></span> 
     </span>
     <span class='ocr_line' id='line_1_77' title="bbox 1469 2464 2542 2529; baseline -0.005 -12"><span class='ocrx_word' id='word_1_402' title='bbox 1469 2468 1611 2518; x_wconf 86' lang='lat' dir='ltr'><strong>inter</strong></span> <span class='ocrx_word' id='word_1_403' title='bbox 1625 2468 1884 2518; x_wconf 83' lang='lat' dir='ltr'><strong>Othonem</strong></span> <span class='ocrx_word' id='word_1_404' title='bbox 1911 2464 2419 2529; x_wconf 81' lang='lat' dir='ltr'><strong>et-Vitellium‚quod</strong></span> <span class='ocrx_word' id='word_1_405' title='bbox 2443 2464 2542 2513; x_wconf 73' lang='lat' dir='ltr'><strong>hoe</strong></span> 
     </span>
     <span class='ocr_line' id='line_1_78' title="bbox 1472 2540 2544 2609; baseline -0.007 -13"><span class='ocrx_word' id='word_1_406' title='bbox 1472 2544 1606 2597; x_wconf 85' lang='lat' dir='ltr'><strong>libro</strong></span> <span class='ocrx_word' id='word_1_407' title='bbox 1629 2543 1936 2609; x_wconf 79' lang='lat' dir='ltr'><strong>exequitur3</strong></span> <span class='ocrx_word' id='word_1_408' title='bbox 1971 2542 2191 2592; x_wconf 86' lang='lat' dir='ltr'><strong>aiterum</strong></span> <span class='ocrx_word' id='word_1_409' title='bbox 2213 2541 2352 2590; x_wconf 88' lang='lat' dir='ltr'><strong>inter</strong></span> <span class='ocrx_word' id='word_1_410' title='bbox 2375 2540 2544 2591; x_wconf 89' lang='lat' dir='ltr'><strong>Vitel-</strong></span> 
     </span>
     <span class='ocr_line' id='line_1_79' title="bbox 1471 2619 2545 2684; baseline -0.006 -11"><span class='ocrx_word' id='word_1_411' title='bbox 1471 2623 1636 2673; x_wconf 81' lang='lat' dir='ltr'><strong>lianos</strong></span> <span class='ocrx_word' id='word_1_412' title='bbox 1660 2629 1716 2672; x_wconf 87' lang='lat' dir='ltr'><strong>et</strong></span> <span class='ocrx_word' id='word_1_413' title='bbox 1739 2621 2030 2683; x_wconf 79' lang='lat' dir='ltr'><strong>Flavianos,</strong></span> <span class='ocrx_word' id='word_1_414' title='bbox 2053 2619 2134 2669; x_wconf 86' lang='lat' dir='ltr'><strong>cui</strong></span> <span class='ocrx_word' id='word_1_415' title='bbox 2159 2632 2377 2684; x_wconf 88' lang='lat' dir='ltr'><strong>sequens</strong></span> <span class='ocrx_word' id='word_1_416' title='bbox 2411 2619 2545 2668; x_wconf 88' lang='lat' dir='ltr'><strong>liber</strong></span> 
     </span>
     <span class='ocr_line' id='line_1_80' title="bbox 1474 2698 2544 2762; baseline -0.005 -12"><span class='ocrx_word' id='word_1_417' title='bbox 1474 2698 1788 2761; x_wconf 86' lang='lat' dir='ltr'><strong>destinatur,</strong></span> <span class='ocrx_word' id='word_1_418' title='bbox 1810 2704 1867 2748; x_wconf 91' lang='lat' dir='ltr'><strong>et</strong></span> <span class='ocrx_word' id='word_1_419' title='bbox 1887 2699 2193 2762; x_wconf 85' lang='lat' dir='ltr'><strong>plerumque</strong></span> <span class='ocrx_word' id='word_1_420' title='bbox 2235 2702 2440 2760; x_wconf 84' lang='lat' dir='ltr'><strong>sumpto</strong></span> <span class='ocrx_word' id='word_1_421' title='bbox 2475 2710 2544 2745; x_wconf 83' lang='lat' dir='ltr'><strong>ex</strong></span> 
     </span>
     <span class='ocr_line' id='line_1_81' title="bbox 1472 2774 2547 2840; baseline -0.006 -12"><span class='ocrx_word' id='word_1_422' title='bbox 1472 2792 1534 2828; x_wconf 91' lang='lat' dir='ltr'><strong>re</strong></span> <span class='ocrx_word' id='word_1_423' title='bbox 1571 2776 1779 2827; x_wconf 88' lang='lat' dir='ltr'><strong>nomine</strong></span> <span class='ocrx_word' id='word_1_424' title='bbox 1818 2776 2142 2826; x_wconf 75' lang='lat' dir='ltr'><strong>Cremonensis</strong></span> <span class='ocrx_word' id='word_1_425' title='bbox 2175 2776 2337 2840; x_wconf 82' lang='lat' dir='ltr'><strong>proelii</strong></span> <span class='ocrx_word' id='word_1_426' title='bbox 2370 2774 2547 2836; x_wconf 73' lang='lat' dir='ltr'><strong>venit;</strong></span> 
     </span>
     <span class='ocr_line' id='line_1_82' title="bbox 1476 2853 2548 2921; baseline -0.001 -15"><span class='ocrx_word' id='word_1_427' title='bbox 1476 2855 1615 2921; x_wconf 88' lang='lat' dir='ltr'><strong>quod</strong></span> <span class='ocrx_word' id='word_1_428' title='bbox 1648 2854 1745 2904; x_wconf 85' lang='lat' dir='ltr'><strong>snb</strong></span> <span class='ocrx_word' id='word_1_429' title='bbox 1777 2854 2042 2905; x_wconf 73' lang='lat' dir='ltr'><strong>Cremonae</strong></span> <span class='ocrx_word' id='word_1_430' title='bbox 2068 2860 2177 2913; x_wconf 84' lang='lat' dir='ltr'><strong>tum</strong></span> <span class='ocrx_word' id='word_1_431' title='bbox 2200 2854 2359 2904; x_wconf 84' lang='lat' dir='ltr'><strong>muris</strong></span> <span class='ocrx_word' id='word_1_432' title='bbox 2386 2853 2548 2905; x_wconf 82' lang='lat' dir='ltr'><strong>fuerit</strong></span> 
     </span>
     <span class='ocr_line' id='line_1_83' title="bbox 1469 2930 2548 3000; baseline -0.002 -16"><span class='ocrx_word' id='word_1_433' title='bbox 1469 2938 1782 3000; x_wconf 70' lang='lat' dir='ltr'><strong>pugnatum,</strong></span> <span class='ocrx_word' id='word_1_434' title='bbox 1815 2932 2062 2983; x_wconf 84' lang='lat' dir='ltr'><strong>vicesimo</strong></span> <span class='ocrx_word' id='word_1_435' title='bbox 2117 2948 2147 2982; x_wconf 90' lang='lat' dir='ltr'><strong>a</strong></span> <span class='ocrx_word' id='word_1_436' title='bbox 2178 2930 2438 2983; x_wconf 78' lang='lat' dir='ltr'><strong>Bedriaco</strong></span> <span class='ocrx_word' id='word_1_437' title='bbox 2474 2933 2548 2982; x_wconf 74' lang='lat' dir='ltr'><strong>le-</strong></span> 
     </span>
     <span class='ocr_line' id='line_1_84' title="bbox 1475 3008 2548 3076; baseline -0.002 -16"><span class='ocrx_word' id='word_1_438' title='bbox 1475 3010 1620 3076; x_wconf 85' lang='lat' dir='ltr'><strong>pide,</strong></span> <span class='ocrx_word' id='word_1_439' title='bbox 1642 3011 1743 3061; x_wconf 87' lang='lat' dir='ltr'><strong>etsi</strong></span> <span class='ocrx_word' id='word_1_440' title='bbox 1771 3011 1920 3061; x_wconf 88' lang='lat' dir='ltr'><strong>initia</strong></span> <span class='ocrx_word' id='word_1_441' title='bbox 1955 3011 2313 3060; x_wconf 82' lang='lat' dir='ltr'><strong>velitationum</strong></span> <span class='ocrx_word' id='word_1_442' title='bbox 2351 3008 2548 3059; x_wconf 82' lang='lat' dir='ltr'><strong>incide-</strong></span> 
     </span>
     <span class='ocr_line' id='line_1_85' title="bbox 1477 3084 2548 3138; baseline -0.001 -1"><span class='ocrx_word' id='word_1_443' title='bbox 1477 3088 1586 3137; x_wconf 88' lang='lat' dir='ltr'><strong>rint</strong></span> <span class='ocrx_word' id='word_1_444' title='bbox 1619 3089 1671 3138; x_wconf 87' lang='lat' dir='ltr'><strong>iu</strong></span> <span class='ocrx_word' id='word_1_445' title='bbox 1704 3093 1948 3138; x_wconf 84' lang='lat' dir='ltr'><strong>octavum</strong></span> <span class='ocrx_word' id='word_1_446' title='bbox 1972 3086 2185 3138; x_wconf 84' lang='lat' dir='ltr'><strong>circiter</strong></span> <span class='ocrx_word' id='word_1_447' title='bbox 2225 3103 2256 3137; x_wconf 89' lang='lat' dir='ltr'><strong>a</strong></span> <span class='ocrx_word' id='word_1_448' title='bbox 2286 3084 2548 3137; x_wconf 85' lang='lat' dir='ltr'><strong>Bedriaco</strong></span> 
     </span>
     <span class='ocr_line' id='line_1_86' title="bbox 1474 3158 2555 3231; baseline 0 -16"><span class='ocrx_word' id='word_1_449' title='bbox 1474 3165 1725 3231; x_wconf 86' lang='lat' dir='ltr'><strong>lapidem,</strong></span> <span class='ocrx_word' id='word_1_450' title='bbox 1736 3164 1879 3215; x_wconf 86' lang='lat' dir='ltr'><strong>Hist.</strong></span> <span class='ocrx_word' id='word_1_451' title='bbox 1893 3178 1980 3217; x_wconf 90' lang='grc' dir='ltr'><strong>ιιι.</strong></span> <span class='ocrx_word' id='word_1_452' title='bbox 1998 3165 2258 3230; x_wconf 87' lang='lat' dir='ltr'><strong>Priorque</strong></span> <span class='ocrx_word' id='word_1_453' title='bbox 2276 3158 2555 3215; x_wconf 76' lang='lat' dir='ltr'><strong>conflictus</strong></span> 
     </span>
     <span class='ocr_line' id='line_1_87' title="bbox 1478 3240 2552 3307; baseline -0.005 -13"><span class='ocrx_word' id='word_1_454' title='bbox 1478 3245 1716 3295; x_wconf 86' lang='lat' dir='ltr'><strong>evenerit</strong></span> <span class='ocrx_word' id='word_1_455' title='bbox 1736 3243 1891 3307; x_wconf 85' lang='lat' dir='ltr'><strong>longe</strong></span> <span class='ocrx_word' id='word_1_456' title='bbox 1925 3256 1956 3291; x_wconf 91' lang='lat' dir='ltr'><strong>a</strong></span> <span class='ocrx_word' id='word_1_457' title='bbox 1993 3242 2274 3305; x_wconf 78' lang='lat' dir='ltr'><strong>Bedriaco,</strong></span> <span class='ocrx_word' id='word_1_458' title='bbox 2301 3240 2317 3269; x_wconf 87' lang='lat'>‘</span> <span class='ocrx_word' id='word_1_459' title='bbox 2337 3241 2552 3290; x_wconf 82' lang='lat' dir='ltr'><strong>immen-</strong></span> 
     </span>
     <span class='ocr_line' id='line_1_88' title="bbox 1478 3316 2552 3384; baseline -0.005 -12"><span class='ocrx_word' id='word_1_460' title='bbox 1478 3336 1591 3372; x_wconf 85' lang='lat' dir='ltr'><strong>sum</strong></span> <span class='ocrx_word' id='word_1_461' title='bbox 1614 3318 1681 3371; x_wconf 80' lang='lat' dir='ltr'><strong>&#39;id</strong></span> <span class='ocrx_word' id='word_1_462' title='bbox 1725 3318 1983 3384; x_wconf 85' lang='lat' dir='ltr'><strong>spatium,&#39;</strong></span> <span class='ocrx_word' id='word_1_463' title='bbox 2020 3319 2190 3384; x_wconf 85' lang='lat' dir='ltr'><strong>inquit</strong></span> <span class='ocrx_word' id='word_1_464' title='bbox 2225 3316 2456 3380; x_wconf 75' lang='lat' dir='ltr'><strong>Tacitus,</strong></span> <span class='ocrx_word' id='word_1_465' title='bbox 2492 3322 2552 3367; x_wconf 84' lang='lat' dir='ltr'><strong>et</strong></span> 
     </span>
     <span class='ocr_line' id='line_1_89' title="bbox 1480 3392 2553 3456; baseline -0.007 -7"><span class='ocrx_word' id='word_1_466' title='bbox 1480 3395 1881 3449; x_wconf 83' lang='lat' dir='ltr'><strong>verisimilitudo</strong></span> <span class='ocrx_word' id='word_1_467' title='bbox 1935 3392 1980 3445; x_wconf 87' lang='lat' dir='ltr'><strong>si</strong></span> <span class='ocrx_word' id='word_1_468' title='bbox 2037 3408 2140 3444; x_wconf 87' lang='lat' dir='ltr'><strong>non</strong></span> <span class='ocrx_word' id='word_1_469' title='bbox 2187 3392 2345 3456; x_wconf 84' lang='lat' dir='ltr'><strong>fallit,</strong></span> <span class='ocrx_word' id='word_1_470' title='bbox 2388 3392 2553 3442; x_wconf 73' lang='lat' dir='ltr'><strong>multa</strong></span> 
     </span>
     <span class='ocr_line' id='line_1_90' title="bbox 1479 3470 2552 3539; baseline -0.005 -13"><span class='ocrx_word' id='word_1_471' title='bbox 1479 3475 1724 3526; x_wconf 81' lang='lat' dir='ltr'><strong>milliaria</strong></span> <span class='ocrx_word' id='word_1_472' title='bbox 1743 3474 2091 3539; x_wconf 85' lang='lat' dir='ltr'><strong>complexum,</strong></span> <span class='ocrx_word' id='word_1_473' title='bbox 2112 3478 2175 3523; x_wconf 83' lang='lat' dir='ltr'><strong>ut</strong></span> <span class='ocrx_word' id='word_1_474' title='bbox 2193 3470 2317 3523; x_wconf 76' lang='lat' dir='ltr'><strong>alibi</strong></span> <span class='ocrx_word' id='word_1_475' title='bbox 2351 3472 2552 3537; x_wconf 81' lang='lat' dir='ltr'><strong>planius</strong></span> 
     </span>
     <span class='ocr_line' id='line_1_91' title="bbox 1480 3549 2558 3615; baseline -0.005 -13"><span class='ocrx_word' id='word_1_476' title='bbox 1480 3552 1810 3602; x_wconf 86' lang='lat' dir='ltr'><strong>discutietur.</strong></span> <span class='ocrx_word' id='word_1_477' title='bbox 1874 3549 2118 3600; x_wconf 80' lang='lat' dir='ltr'><strong>Saoillius.</strong></span> <span class='ocrx_word' id='word_1_478' title='bbox 2555 3611 2558 3615; x_wconf 48' lang='lat'>‚</span> 
     </span>
     <span class='ocr_line' id='line_1_92' title="bbox 1550 3620 2554 3693; baseline -0.005 -13"><span class='ocrx_word' id='word_1_479' title='bbox 1550 3628 1704 3680; x_wconf 75' lang='lat' dir='ltr'><strong>Novis</strong></span> <span class='ocrx_word' id='word_1_480' title='bbox 1741 3624 1965 3679; x_wconf 75' lang='lat' dir='ltr'><strong>subsidiis</strong></span> <span class='ocrx_word' id='word_1_481' title='bbox 1982 3622 2203 3693; x_wconf 71' lang='lat' dir='ltr'><strong>firmati]</strong></span> <span class='ocrx_word' id='word_1_482' title='bbox 2260 3620 2455 3690; x_wconf 81' lang='lat' dir='ltr'><strong>Scripsi</strong></span> <span class='ocrx_word' id='word_1_483' title='bbox 2486 3630 2554 3675; x_wconf 81' lang='lat' dir='ltr'><strong>ex</strong></span> 
     </span>
     <span class='ocr_line' id='line_1_93' title="bbox 1483 3698 2554 3770; baseline -0.004 -12"><span class='ocrx_word' id='word_1_484' title='bbox 1483 3706 1627 3758; x_wconf 87' lang='lat' dir='ltr'><strong>Flor.</strong></span> <span class='ocrx_word' id='word_1_485' title='bbox 1649 3706 1892 3758; x_wconf 80' lang='lat' dir='ltr'><strong>subsidiis.</strong></span> <span class='ocrx_word' id='word_1_486' title='bbox 1954 3705 2145 3770; x_wconf 80' lang='lat' dir='ltr'><strong>Vulgo,</strong></span> <span class='ocrx_word' id='word_1_487' title='bbox 2160 3702 2419 3769; x_wconf 79' lang='lat' dir='ltr'><strong>proesidiis.</strong></span> <span class='ocrx_word' id='word_1_488' title='bbox 2465 3698 2554 3754; x_wconf 81' lang='lat' dir='ltr'><strong>Pi·</strong></span> 
     </span>
     <span class='ocr_line' id='line_1_94' title="bbox 1485 3782 1672 3834; baseline -0.005 0"><span class='ocrx_word' id='word_1_489' title='bbox 1485 3782 1672 3834; x_wconf 79' lang='lat' dir='ltr'><strong>ebena.</strong></span> 
     </span>
     <span class='ocr_line' id='line_1_95' title="bbox 1556 3850 2555 3923; baseline -0.005 -14"><span class='ocrx_word' id='word_1_490' title='bbox 1556 3859 1733 3909; x_wconf 80' lang='lat' dir='ltr'><strong>onmia</strong></span> <span class='ocrx_word' id='word_1_491' title='bbox 1743 3856 2063 3923; x_wconf 76' lang='lat' dir='ltr'><strong>quoeoumqne]</strong></span> <span class='ocrx_word' id='word_1_492' title='bbox 2085 3857 2276 3921; x_wconf 76' lang='lat' dir='ltr'><strong>Rarum</strong></span> <span class='ocrx_word' id='word_1_493' title='bbox 2299 3855 2398 3906; x_wconf 78' lang='lat' dir='ltr'><strong>hoc</strong></span> <span class='ocrx_word' id='word_1_494' title='bbox 2415 3850 2555 3920; x_wconf 85' lang='lat' dir='ltr'><strong>apud</strong></span> 
     </span>
     <span class='ocr_line' id='line_1_96' title="bbox 1485 3928 2558 3988; baseline -0.007 1"><span class='ocrx_word' id='word_1_495' title='bbox 1485 3939 1719 3988; x_wconf 86' lang='lat' dir='ltr'><strong>Latinos.</strong></span> <span class='ocrx_word' id='word_1_496' title='bbox 1755 3932 2021 3986; x_wconf 72' lang='lat' dir='ltr'><strong>Ferretttoe&#39;.</strong></span> <span class='ocrx_word' id='word_1_497' title='bbox 2087 3928 2359 3985; x_wconf 84' lang='lat' dir='ltr'><strong>Quomodo</strong></span> <span class='ocrx_word' id='word_1_498' title='bbox 2378 3932 2558 3982; x_wconf 78' lang='lat' dir='ltr'><strong>locuta</strong></span> 
     </span>
     <span class='ocr_line' id='line_1_97' title="bbox 1488 4005 2559 4077; baseline -0.008 -11"><span class='ocrx_word' id='word_1_499' title='bbox 1488 4015 1653 4066; x_wconf 86' lang='lat' dir='ltr'><strong>omnis</strong></span> <span class='ocrx_word' id='word_1_500' title='bbox 1693 4012 2005 4077; x_wconf 83' lang='lat' dir='ltr'><strong>antiquitas:</strong></span> <span class='ocrx_word' id='word_1_501' title='bbox 2063 4015 2121 4059; x_wconf 80' lang='lat' dir='ltr'><strong>et</strong></span> <span class='ocrx_word' id='word_1_502' title='bbox 2158 4007 2337 4059; x_wconf 75' lang='lat' dir='ltr'><strong>Groeci</strong></span> <span class='ocrx_word' id='word_1_503' title='bbox 2371 4005 2559 4057; x_wconf 71' lang='lat' dir='ltr'><strong>eodem</strong></span> 
     </span>
     <span class='ocr_line' id='line_1_98' title="bbox 1489 4082 2559 4148; baseline -0.01 -6"><span class='ocrx_word' id='word_1_504' title='bbox 1489 4093 1643 4142; x_wconf 88' lang='lat' dir='ltr'><strong>modo</strong></span> <span class='ocrx_word' id='word_1_505' title='bbox 1679 4088 1814 4139; x_wconf 69' lang='grc' dir='ltr'><strong><em>πάνθ’</em></strong></span> <span class='ocrx_word' id='word_1_506' title='bbox 1859 4086 1970 4138; x_wconf 71' lang='grc' dir='ltr'><strong>ὅσα.</strong></span> <span class='ocrx_word' id='word_1_507' title='bbox 2024 4082 2290 4137; x_wconf 72' lang='lat' dir='ltr'><strong>Meroerus.</strong></span> <span class='ocrx_word' id='word_1_508' title='bbox 2363 4082 2559 4148; x_wconf 77' lang='lat' dir='ltr'><strong>Inepta</strong></span> 
     </span>
     <span class='ocr_line' id='line_1_99' title="bbox 1487 4164 2561 4234; baseline -0.011 -13"><span class='ocrx_word' id='word_1_509' title='bbox 1487 4168 1669 4234; x_wconf 81' lang='lat' dir='ltr'><strong>lectio,</strong></span> <span class='ocrx_word' id='word_1_510' title='bbox 1705 4178 1859 4232; x_wconf 81' lang='lat' dir='ltr'><strong>quam</strong></span> <span class='ocrx_word' id='word_1_511' title='bbox 1905 4166 1980 4214; x_wconf 81' lang='lat' dir='ltr'><strong>ita</strong></span> <span class='ocrx_word' id='word_1_512' title='bbox 2020 4164 2303 4214; x_wconf 83' lang='lat' dir='ltr'><strong>restituere</strong></span> <span class='ocrx_word' id='word_1_513' title='bbox 2342 4166 2561 4225; x_wconf 80' lang='lat' dir='ltr'><strong>tentem,</strong></span> 
     </span>
     <span class='ocr_line' id='line_1_100' title="bbox 1488 4236 2559 4304; baseline -0.009 -7"><span class='ocrx_word' id='word_1_514' title='bbox 1488 4246 1651 4297; x_wconf 72' lang='lat' dir='ltr'><strong>omnia</strong></span> <span class='ocrx_word' id='word_1_515' title='bbox 1669 4247 1838 4294; x_wconf 64' lang='lat' dir='ltr'><strong>«uacum</strong></span> <span class='ocrx_word' id='word_1_516' title='bbox 1847 4243 2006 4304; x_wconf 76' lang='lat' dir='ltr'><strong>fucta.</strong></span> <span class='ocrx_word' id='word_1_517' title='bbox 2039 4238 2230 4291; x_wconf 74' lang='lat' dir='ltr'><strong>Ducum</strong></span> <span class='ocrx_word' id='word_1_518' title='bbox 2244 4238 2375 4288; x_wconf 84' lang='lat' dir='ltr'><strong>illud</strong></span> <span class='ocrx_word' id='word_1_519' title='bbox 2397 4236 2559 4288; x_wconf 69' lang='lat' dir='ltr'><strong>facile</strong></span> 
     </span>
     <span class='ocr_line' id='line_1_101' title="bbox 1490 4313 2560 4387; baseline -0.008 -12"><span class='ocrx_word' id='word_1_520' title='bbox 1490 4313 1854 4387; x_wconf 34' lang='lat' dir='ltr'><strong>ita‘corrum&#39;pi</strong></span> <span class='ocrx_word' id='word_1_521' title='bbox 1873 4320 2065 4387; x_wconf 77' lang='lat' dir='ltr'><strong>potuit,</strong></span> <span class='ocrx_word' id='word_1_522' title='bbox 2087 4325 2147 4368; x_wconf 85' lang='lat' dir='ltr'><strong>ut</strong></span> <span class='ocrx_word' id='word_1_523' title='bbox 2166 4317 2341 4369; x_wconf 70' lang='lat' dir='ltr'><strong>deleta</strong></span> <span class='ocrx_word' id='word_1_524' title='bbox 2354 4317 2408 4367; x_wconf 75' lang='lat' dir='ltr'><strong>vi</strong></span> <span class='ocrx_word' id='word_1_525' title='bbox 2429 4322 2560 4367; x_wconf 72' lang='lat' dir='ltr'><strong>tem-</strong></span> 
     </span>
     <span class='ocr_line' id='line_1_102' title="bbox 1491 4391 2560 4469; baseline -0.009 -16"><span class='ocrx_word' id='word_1_526' title='bbox 1491 4400 1636 4469; x_wconf 74' lang='lat' dir='ltr'><strong>poris</strong></span> <span class='ocrx_word' id='word_1_527' title='bbox 1658 4396 1827 4452; x_wconf 72' lang='lat' dir='ltr'><strong>nterae</strong></span> <span class='ocrx_word' id='word_1_528' title='bbox 1858 4399 1895 4449; x_wconf 75' lang='lat' dir='ltr'><strong>d</strong></span> <span class='ocrx_word' id='word_1_529' title='bbox 1918 4397 1975 4449; x_wconf 83' lang='lat' dir='ltr'><strong>in</strong></span> <span class='ocrx_word' id='word_1_530' title='bbox 2004 4395 2177 4448; x_wconf 71' lang='lat' dir='ltr'><strong>ultum</strong></span> <span class='ocrx_word' id='word_1_531' title='bbox 2190 4391 2560 4447; x_wconf 71' lang='lat' dir='ltr'><strong>tendentevir-</strong></span> 
     </span>
    </p>
   </div>
  </div>
 </body>
</html>
