<?xml version="1.0" encoding="UTF-8"?>
<!DOCTYPE html PUBLIC "-//W3C//DTD XHTML 1.0 Transitional//EN"
    "http://www.w3.org/TR/xhtml1/DTD/xhtml1-transitional.dtd">
<html xmlns="http://www.w3.org/1999/xhtml" xml:lang="en" lang="en">
 <head>
  <title>
</title>
<meta http-equiv="Content-Type" content="text/html;charset=utf-8" />
  <meta name='ocr-system' content='tesseract 3.04.00' />
  <meta name='ocr-capabilities' content='ocr_page ocr_carea ocr_par ocr_line ocrx_word'/>
</head>
<body>
  <div class='ocr_page' id='page_1' title='image "./operaomnia10tacigoog/operaomnia10tacigoog_0329.png"; bbox 0 0 3009 4942; ppageno 0'>
   <div class='ocr_carea' id='block_1_1' title="bbox 824 382 2038 455">
    <p class='ocr_par' dir='ltr' id='par_1_1' title="bbox 824 382 2038 455">
     <span class='ocr_line' id='line_1_1' title="bbox 824 382 2038 455; baseline -0.001 -3"><span class='ocrx_word' id='word_1_1' title='bbox 824 404 971 455; x_wconf 76' lang='lat' dir='ltr'><strong>mu.</strong></span> <span class='ocrx_word' id='word_1_2' title='bbox 1020 386 1183 452; x_wconf 74' lang='lat' dir='ltr'><strong>xxv.</strong></span> <span class='ocrx_word' id='word_1_3' title='bbox 1231 402 1398 452; x_wconf 72' lang='lat' dir='ltr'><strong>cAP.</strong></span> <span class='ocrx_word' id='word_1_4' title='bbox 1438 382 2038 453; x_wconf 45' lang='lat' dir='ltr'><strong>assius-limum.</strong></span> 
     </span>
    </p>
   </div>
   <div class='ocr_carea' id='block_1_2' title="bbox 318 537 1398 847">
    <p class='ocr_par' dir='ltr' id='par_1_2' title="bbox 318 537 1398 847">
     <span class='ocr_line' id='line_1_2' title="bbox 324 537 1397 615; baseline -0.005 -15"><span class='ocrx_word' id='word_1_5' title='bbox 324 551 508 608; x_wconf 71' lang='lat' dir='ltr'><strong>adesse</strong></span> <span class='ocrx_word' id='word_1_6' title='bbox 531 557 632 602; x_wconf 72' lang='lat' dir='ltr'><strong>non</strong></span> <span class='ocrx_word' id='word_1_7' title='bbox 653 537 889 615; x_wconf 80' lang='lat' dir='ltr'><strong>possunt.</strong></span> <span class='ocrx_word' id='word_1_8' title='bbox 942 548 1081 600; x_wconf 72' lang='lat' dir='ltr'><strong>Nam</strong></span> <span class='ocrx_word' id='word_1_9' title='bbox 1100 548 1297 610; x_wconf 86' lang='lat' dir='ltr'><strong>hercle,</strong></span> <span class='ocrx_word' id='word_1_10' title='bbox 1320 547 1397 596; x_wconf 88' lang='lat' dir='ltr'><strong>in-</strong></span> 
     </span>
     <span class='ocr_line' id='line_1_3' title="bbox 324 626 1396 696; baseline -0.005 -17"><span class='ocrx_word' id='word_1_11' title='bbox 324 630 439 696; x_wconf 83' lang='lat' dir='ltr'><strong>quit</strong></span> <span class='ocrx_word' id='word_1_12' title='bbox 481 628 760 691; x_wconf 85' lang='lat' dir='ltr'><strong>Minucius,</strong></span> <span class='ocrx_word' id='word_1_13' title='bbox 798 644 883 679; x_wconf 87' lang='lat' dir='ltr'><strong>me</strong></span> <span class='ocrx_word' id='word_1_14' title='bbox 906 643 1111 694; x_wconf 86' lang='lat' dir='ltr'><strong>quoque</strong></span> <span class='ocrx_word' id='word_1_15' title='bbox 1149 626 1396 688; x_wconf 87' lang='lat' dir='ltr'><strong>Petilius,</strong></span> 
     </span>
     <span class='ocr_line' id='line_1_4' title="bbox 325 704 1397 771; baseline -0.001 -17"><span class='ocrx_word' id='word_1_16' title='bbox 325 712 385 754; x_wconf 74' lang='lat' dir='ltr'><strong>ut</strong></span> <span class='ocrx_word' id='word_1_17' title='bbox 406 705 506 755; x_wconf 86' lang='lat' dir='ltr'><strong>sibi</strong></span> <span class='ocrx_word' id='word_1_18' title='bbox 526 707 578 755; x_wconf 93' lang='lat' dir='ltr'><strong>in</strong></span> <span class='ocrx_word' id='word_1_19' title='bbox 603 707 819 756; x_wconf 85' lang='lat' dir='ltr'><strong>consilio</strong></span> <span class='ocrx_word' id='word_1_20' title='bbox 852 720 1034 768; x_wconf 88' lang='lat' dir='ltr'><strong>essem,</strong></span> <span class='ocrx_word' id='word_1_21' title='bbox 1074 704 1305 771; x_wconf 77' lang='lat' dir='ltr'><strong>rogavit:</strong></span> <span class='ocrx_word' id='word_1_22' title='bbox 1340 710 1397 753; x_wconf 90' lang='lat' dir='ltr'><strong>et</strong></span> 
     </span>
     <span class='ocr_line' id='line_1_5' title="bbox 318 781 1398 847; baseline -0.002 -16"><span class='ocrx_word' id='word_1_23' title='bbox 318 783 476 832; x_wconf 85' lang='lat' dir='ltr'><strong>simul</strong></span> <span class='ocrx_word' id='word_1_24' title='bbox 501 799 531 832; x_wconf 88' lang='lat' dir='ltr'><strong>a</strong></span> <span class='ocrx_word' id='word_1_25' title='bbox 549 782 805 834; x_wconf 73' lang='lat' dir='ltr'><strong>subselliis</strong></span> <span class='ocrx_word' id='word_1_26' title='bbox 825 783 972 834; x_wconf 83' lang='lat' dir='ltr'><strong>abire</strong></span> <span class='ocrx_word' id='word_1_27' title='bbox 991 781 1192 847; x_wconf 66' lang='lat' dir='ltr'><strong>coepit!</strong></span> <span class='ocrx_word' id='word_1_28' title='bbox 1235 781 1398 831; x_wconf 88' lang='lat' dir='ltr'><strong>Intel-</strong></span> 
     </span>
    </p>
   </div>
   <div class='ocr_carea' id='block_1_3' title="bbox 321 857 1418 931">
    <p class='ocr_par' dir='ltr' id='par_1_3' title="bbox 321 857 1418 931">
     <span class='ocr_line' id='line_1_6' title="bbox 321 857 1418 931; baseline -0.026 2"><span class='ocrx_word' id='word_1_29' title='bbox 321 858 528 931; x_wconf 76' lang='lat' dir='ltr'><strong>ligitur,</strong></span> <span class='ocrx_word' id='word_1_30' title='bbox 573 860 737 911; x_wconf 83' lang='lat' dir='ltr'><strong>Immo</strong></span> <span class='ocrx_word' id='word_1_31' title='bbox 757 867 815 912; x_wconf 80' lang='lat' dir='ltr'><strong>et</strong></span> <span class='ocrx_word' id='word_1_32' title='bbox 832 876 952 925; x_wconf 78' lang='lat' dir='ltr'><strong>ego,</strong></span> <span class='ocrx_word' id='word_1_33' title='bbox 976 860 1143 924; x_wconf 80' lang='lat' dir='ltr'><strong>inquit</strong></span> <span class='ocrx_word' id='word_1_34' title='bbox 1170 857 1418 908; x_wconf 71' lang='lat' dir='ltr'><strong>Minuci-—</strong></span> 
     </span>
    </p>
   </div>
   <div class='ocr_carea' id='block_1_4' title="bbox 318 936 1448 4331">
    <p class='ocr_par' dir='ltr' id='par_1_4' title="bbox 318 936 1398 1219">
     <span class='ocr_line' id='line_1_7' title="bbox 324 936 1396 1002; baseline -0.007 -11"><span class='ocrx_word' id='word_1_35' title='bbox 324 950 412 1000; x_wconf 72' lang='lat'><strong>118,</strong></span> <span class='ocrx_word' id='word_1_36' title='bbox 455 936 638 987; x_wconf 82' lang='lat' dir='ltr'><strong>adesse</strong></span> <span class='ocrx_word' id='word_1_37' title='bbox 680 951 782 988; x_wconf 90' lang='lat' dir='ltr'><strong>non</strong></span> <span class='ocrx_word' id='word_1_38' title='bbox 818 952 1057 1002; x_wconf 87' lang='lat' dir='ltr'><strong>possum:</strong></span> <span class='ocrx_word' id='word_1_39' title='bbox 1096 951 1206 985; x_wconf 73' lang='lat' dir='ltr'><strong>nam</strong></span> <span class='ocrx_word' id='word_1_40' title='bbox 1242 936 1396 985; x_wconf 72' lang='lat' dir='ltr'><strong>hercle</strong></span> 
     </span>
     <span class='ocr_line' id='line_1_8' title="bbox 320 1013 1398 1079; baseline -0.004 -14"><span class='ocrx_word' id='word_1_41' title='bbox 320 1029 420 1079; x_wconf 79' lang='lat' dir='ltr'><strong>me,</strong></span> <span class='ocrx_word' id='word_1_42' title='bbox 457 1014 576 1079; x_wconf 54' lang='grc' dir='ltr'><strong>ξε.-</strong></span> <span class='ocrx_word' id='word_1_43' title='bbox 610 1015 858 1065; x_wconf 87' lang='lat' dir='ltr'><strong>Pluribus</strong></span> <span class='ocrx_word' id='word_1_44' title='bbox 896 1014 1021 1064; x_wconf 90' lang='lat' dir='ltr'><strong>alibi</strong></span> <span class='ocrx_word' id='word_1_45' title='bbox 1062 1013 1163 1065; x_wconf 86' lang='lat' dir='ltr'><strong>hoc</strong></span> <span class='ocrx_word' id='word_1_46' title='bbox 1196 1013 1250 1062; x_wconf 93' lang='lat' dir='ltr'><strong>in</strong></span> <span class='ocrx_word' id='word_1_47' title='bbox 1293 1027 1398 1063; x_wconf 86' lang='lat' dir='ltr'><strong>ser·</strong></span> 
     </span>
     <span class='ocr_line' id='line_1_9' title="bbox 321 1090 1397 1157; baseline 0 -18"><span class='ocrx_word' id='word_1_48' title='bbox 321 1105 480 1140; x_wconf 85' lang='lat' dir='ltr'><strong>mone</strong></span> <span class='ocrx_word' id='word_1_49' title='bbox 503 1091 867 1157; x_wconf 75' lang='lat' dir='ltr'>compendium</span> <span class='ocrx_word' id='word_1_50' title='bbox 897 1091 1232 1142; x_wconf 79' lang='lat' dir='ltr'><strong>illustramus.</strong></span> <span class='ocrx_word' id='word_1_51' title='bbox 1272 1090 1397 1139; x_wconf 84' lang='lat' dir='ltr'><strong>Gra·</strong></span> 
     </span>
     <span class='ocr_line' id='line_1_10' title="bbox 318 1183 507 1219; baseline 0.011 -2"><span class='ocrx_word' id='word_1_52' title='bbox 318 1183 507 1219; x_wconf 66' lang='lat' dir='ltr'><strong>mutus.</strong></span> 
     </span>
    </p>

    <p class='ocr_par' dir='ltr' id='par_1_5' title="bbox 320 1245 1401 1385">
     <span class='ocr_line' id='line_1_11' title="bbox 394 1245 1401 1310; baseline 0.002 -15"><span class='ocrx_word' id='word_1_53' title='bbox 394 1246 529 1295; x_wconf 68' lang='lat' dir='ltr'><strong>Cn».</strong></span> <span class='ocrx_word' id='word_1_54' title='bbox 555 1251 638 1297; x_wconf 77' lang='grc'><strong>45.</strong></span> <span class='ocrx_word' id='word_1_55' title='bbox 674 1247 745 1296; x_wconf 73' lang='lat' dir='ltr'><strong>Ee</strong></span> <span class='ocrx_word' id='word_1_56' title='bbox 760 1262 881 1296; x_wconf 81' lang='lat' dir='ltr'><strong>saxa</strong></span> <span class='ocrx_word' id='word_1_57' title='bbox 896 1245 1123 1310; x_wconf 68' lang='lat' dir='ltr'><strong>arsaces]</strong></span> <span class='ocrx_word' id='word_1_58' title='bbox 1155 1245 1401 1298; x_wconf 81' lang='lat' dir='ltr'><strong>Particu-</strong></span> 
     </span>
     <span class='ocr_line' id='line_1_12' title="bbox 320 1322 1170 1385; baseline 0.001 -13"><span class='ocrx_word' id='word_1_59' title='bbox 320 1323 532 1385; x_wconf 58' lang='lat' dir='ltr'><strong>lamset,</strong></span> <span class='ocrx_word' id='word_1_60' title='bbox 552 1322 861 1373; x_wconf 78' lang='lat' dir='ltr'><strong>induximus.</strong></span> <span class='ocrx_word' id='word_1_61' title='bbox 899 1323 1170 1373; x_wconf 68' lang='lat' dir='ltr'><strong>Rhenanus.</strong></span> 
     </span>
    </p>

    <p class='ocr_par' dir='ltr' id='par_1_6' title="bbox 325 1401 1397 1549">
     <span class='ocr_line' id='line_1_13' title="bbox 361 1401 1397 1470; baseline 0.002 -19"><span class='ocrx_word' id='word_1_62' title='bbox 361 1431 365 1434; x_wconf 59' lang='lat'>&lt;</span> <span class='ocrx_word' id='word_1_63' title='bbox 392 1401 535 1453; x_wconf 77' lang='lat' dir='ltr'><strong>Saxa</strong></span> <span class='ocrx_word' id='word_1_64' title='bbox 571 1418 627 1453; x_wconf 81' lang='lat' dir='ltr'><strong>ac</strong></span> <span class='ocrx_word' id='word_1_65' title='bbox 651 1401 791 1464; x_wconf 79' lang='lat' dir='ltr'><strong>saees</strong></span> <span class='ocrx_word' id='word_1_66' title='bbox 826 1404 1101 1470; x_wconf 71' lang='lat' dir='ltr'><strong>minitante]</strong></span> <span class='ocrx_word' id='word_1_67' title='bbox 1170 1403 1311 1454; x_wconf 82' lang='lat' dir='ltr'><strong>Flor.</strong></span> <span class='ocrx_word' id='word_1_68' title='bbox 1332 1416 1397 1453; x_wconf 72' lang='lat' dir='ltr'><strong>ac</strong></span> 
     </span>
     <span class='ocr_line' id='line_1_14' title="bbox 325 1476 1323 1549; baseline 0.005 -23"><span class='ocrx_word' id='word_1_69' title='bbox 325 1476 565 1549; x_wconf 83' lang='lat' dir='ltr'><strong>Venetus</strong></span> <span class='ocrx_word' id='word_1_70' title='bbox 587 1480 798 1544; x_wconf 82' lang='lat' dir='ltr'><strong>habent,</strong></span> <span class='ocrx_word' id='word_1_71' title='bbox 816 1480 1037 1529; x_wconf 75' lang='lat' dir='ltr'><strong>minante.</strong></span> <span class='ocrx_word' id='word_1_72' title='bbox 1072 1480 1323 1532; x_wconf 84' lang='lat' dir='ltr'><strong>Picbeua.</strong></span> 
     </span>
    </p>

    <p class='ocr_par' dir='ltr' id='par_1_7' title="bbox 319 1555 1406 2468">
     <span class='ocr_line' id='line_1_15' title="bbox 371 1555 1400 1621; baseline 0.003 -18"><span class='ocrx_word' id='word_1_73' title='bbox 371 1555 496 1604; x_wconf 83' lang='lat' dir='ltr'><strong>-Per</strong></span> <span class='ocrx_word' id='word_1_74' title='bbox 530 1556 763 1605; x_wconf 75' lang='lat' dir='ltr'><strong>soeviliam</strong></span> <span class='ocrx_word' id='word_1_75' title='bbox 804 1556 1148 1619; x_wconf 70' lang='lat' dir='ltr'><strong>incenderetur]</strong></span> <span class='ocrx_word' id='word_1_76' title='bbox 1198 1556 1400 1621; x_wconf 77' lang='lat' dir='ltr'><strong>Malim,</strong></span> 
     </span>
     <span class='ocr_line' id='line_1_16' title="bbox 325 1632 1400 1699; baseline 0.004 -17"><span class='ocrx_word' id='word_1_77' title='bbox 325 1632 673 1685; x_wconf 68' lang='lat' dir='ltr'><strong>intenderetur.</strong></span> <span class='ocrx_word' id='word_1_78' title='bbox 696 1636 989 1686; x_wconf 74' lang='lat' dir='ltr'><strong>Rhenanus.</strong></span> <span class='ocrx_word' id='word_1_79' title='bbox 1029 1635 1227 1699; x_wconf 79' lang='lat' dir='ltr'><strong>Scribe,</strong></span> <span class='ocrx_word' id='word_1_80' title='bbox 1246 1636 1400 1686; x_wconf 78' lang='lat' dir='ltr'><strong>inten-</strong></span> 
     </span>
     <span class='ocr_line' id='line_1_17' title="bbox 323 1712 1403 1778; baseline 0.002 -19"><span class='ocrx_word' id='word_1_81' title='bbox 323 1712 546 1775; x_wconf 75' lang='lat' dir='ltr'><strong>deretur,</strong></span> <span class='ocrx_word' id='word_1_82' title='bbox 569 1713 707 1778; x_wconf 87' lang='lat' dir='ltr'><strong>quod</strong></span> <span class='ocrx_word' id='word_1_83' title='bbox 743 1713 926 1763; x_wconf 85' lang='lat' dir='ltr'><strong>Tacito</strong></span> <span class='ocrx_word' id='word_1_84' title='bbox 961 1721 1018 1762; x_wconf 87' lang='lat' dir='ltr'><strong>et</strong></span> <span class='ocrx_word' id='word_1_85' title='bbox 1054 1713 1169 1764; x_wconf 83' lang='lat' dir='ltr'><strong>huic</strong></span> <span class='ocrx_word' id='word_1_86' title='bbox 1209 1714 1403 1763; x_wconf 81' lang='lat' dir='ltr'><strong>saeculo</strong></span> 
     </span>
     <span class='ocr_line' id='line_1_18' title="bbox 320 1791 1402 1856; baseline 0.004 -19"><span class='ocrx_word' id='word_1_87' title='bbox 320 1796 665 1854; x_wconf 85' lang='lat' dir='ltr'><strong>perpetuum,</strong></span> <span class='ocrx_word' id='word_1_88' title='bbox 724 1804 819 1856; x_wconf 79' lang='lat' dir='ltr'><strong>pro</strong></span> <span class='ocrx_word' id='word_1_89' title='bbox 880 1799 1180 1854; x_wconf 82' lang='lat' dir='ltr'><strong>augeretur.</strong></span> <span class='ocrx_word' id='word_1_90' title='bbox 1264 1791 1402 1841; x_wconf 88' lang='lat' dir='ltr'><strong>Nam</strong></span> 
     </span>
     <span class='ocr_line' id='line_1_19' title="bbox 328 1865 1401 1931; baseline 0.002 -16"><span class='ocrx_word' id='word_1_91' title='bbox 328 1865 473 1931; x_wconf 74' lang='lat' dir='ltr'><strong>quod</strong></span> <span class='ocrx_word' id='word_1_92' title='bbox 496 1866 682 1917; x_wconf 75' lang='lat' dir='ltr'><strong>incendi</strong></span> <span class='ocrx_word' id='word_1_93' title='bbox 707 1882 910 1918; x_wconf 89' lang='lat' dir='ltr'><strong>annona</strong></span> <span class='ocrx_word' id='word_1_94' title='bbox 943 1867 1153 1929; x_wconf 88' lang='lat' dir='ltr'><strong>dicitur,</strong></span> <span class='ocrx_word' id='word_1_95' title='bbox 1186 1866 1313 1917; x_wconf 81' lang='lat' dir='ltr'><strong>nibil</strong></span> <span class='ocrx_word' id='word_1_96' title='bbox 1333 1867 1401 1917; x_wconf 83' lang='lat' dir='ltr'><strong>ad</strong></span> 
     </span>
     <span class='ocr_line' id='line_1_20' title="bbox 325 1943 1402 2009; baseline -0.001 -15"><span class='ocrx_word' id='word_1_97' title='bbox 325 1946 617 2009; x_wconf 74' lang='lat' dir='ltr'><strong>vulgatum.</strong></span> <span class='ocrx_word' id='word_1_98' title='bbox 652 1947 913 1996; x_wconf 68' lang='lat' dir='ltr'><strong>Mer-cerus.</strong></span> <span class='ocrx_word' id='word_1_99' title='bbox 997 1943 1170 1994; x_wconf 81' lang='lat' dir='ltr'>Credo</span> <span class='ocrx_word' id='word_1_100' title='bbox 1193 1943 1402 1994; x_wconf 87' lang='lat' dir='ltr'><strong>omnino</strong></span> 
     </span>
     <span class='ocr_line' id='line_1_21' title="bbox 322 2021 1403 2086; baseline -0.001 -15"><span class='ocrx_word' id='word_1_101' title='bbox 322 2021 657 2073; x_wconf 69' lang='lat' dir='ltr'><strong>ivueuderetur</strong></span> <span class='ocrx_word' id='word_1_102' title='bbox 693 2023 776 2072; x_wconf 89' lang='lat' dir='ltr'><strong>hic</strong></span> <span class='ocrx_word' id='word_1_103' title='bbox 801 2023 866 2071; x_wconf 81' lang='lat' dir='ltr'><strong>ab</strong></span> <span class='ocrx_word' id='word_1_104' title='bbox 890 2030 1107 2073; x_wconf 83' lang='lat' dir='ltr'><strong>auctore</strong></span> <span class='ocrx_word' id='word_1_105' title='bbox 1131 2022 1403 2086; x_wconf 88' lang='lat' dir='ltr'><strong>scriptum,</strong></span> 
     </span>
     <span class='ocr_line' id='line_1_22' title="bbox 326 2098 1403 2167; baseline -0.001 -18"><span class='ocrx_word' id='word_1_106' title='bbox 326 2115 438 2167; x_wconf 87' lang='lat' dir='ltr'><strong>quo</strong></span> <span class='ocrx_word' id='word_1_107' title='bbox 464 2100 620 2151; x_wconf 82' lang='lat' dir='ltr'><strong>verbo</strong></span> <span class='ocrx_word' id='word_1_108' title='bbox 642 2098 941 2164; x_wconf 83' lang='lat' dir='ltr'><strong>frequenter</strong></span> <span class='ocrx_word' id='word_1_109' title='bbox 962 2110 1084 2148; x_wconf 83' lang='lat' dir='ltr'><strong>usus</strong></span> <span class='ocrx_word' id='word_1_110' title='bbox 1107 2098 1232 2148; x_wconf 87' lang='lat' dir='ltr'><strong>alias</strong></span> <span class='ocrx_word' id='word_1_111' title='bbox 1254 2115 1268 2148; x_wconf 78' lang='lat' dir='ltr'><em>z</em></span> <span class='ocrx_word' id='word_1_112' title='bbox 1304 2098 1403 2148; x_wconf 88' lang='lat' dir='ltr'><strong>etsi</strong></span> 
     </span>
     <span class='ocr_line' id='line_1_23' title="bbox 324 2176 1405 2239; baseline -0.003 -12"><span class='ocrx_word' id='word_1_113' title='bbox 324 2178 461 2229; x_wconf 81' lang='lat' dir='ltr'><strong>illud</strong></span> <span class='ocrx_word' id='word_1_114' title='bbox 485 2177 668 2228; x_wconf 85' lang='lat' dir='ltr'><strong>eodem</strong></span> <span class='ocrx_word' id='word_1_115' title='bbox 693 2192 864 2227; x_wconf 85' lang='lat' dir='ltr'><strong>sensu.</strong></span> <span class='ocrx_word' id='word_1_116' title='bbox 895 2176 1158 2227; x_wconf 77' lang='lat' dir='ltr'><strong>Acidalius.</strong></span> <span class='ocrx_word' id='word_1_117' title='bbox 1214 2177 1405 2239; x_wconf 80' lang='lat' dir='ltr'><strong>Vulgo,</strong></span> 
     </span>
     <span class='ocr_line' id='line_1_24' title="bbox 328 2254 1402 2320; baseline -0.002 -16"><span class='ocrx_word' id='word_1_118' title='bbox 328 2257 693 2306; x_wconf 75' lang='lat' dir='ltr'><strong>incenderetur.-</strong></span> <span class='ocrx_word' id='word_1_119' title='bbox 716 2270 814 2320; x_wconf 82' lang='lat' dir='ltr'><strong>ego</strong></span> <span class='ocrx_word' id='word_1_120' title='bbox 832 2254 1067 2304; x_wconf 80' lang='lat' dir='ltr'><strong>Rhenaui</strong></span> <span class='ocrx_word' id='word_1_121' title='bbox 1090 2268 1152 2303; x_wconf 86' lang='lat' dir='ltr'><strong>ac</strong></span> <span class='ocrx_word' id='word_1_122' title='bbox 1175 2254 1402 2303; x_wconf 84' lang='lat' dir='ltr'><strong>Merceri</strong></span> 
     </span>
     <span class='ocr_line' id='line_1_25' title="bbox 319 2331 1406 2397; baseline -0.001 -16"><span class='ocrx_word' id='word_1_123' title='bbox 319 2331 585 2397; x_wconf 81' lang='lat' dir='ltr'><strong>judicium</strong></span> <span class='ocrx_word' id='word_1_124' title='bbox 617 2338 844 2396; x_wconf 86' lang='lat' dir='ltr'><strong>secutus,</strong></span> <span class='ocrx_word' id='word_1_125' title='bbox 879 2331 1108 2396; x_wconf 85' lang='lat' dir='ltr'><strong>reposui,</strong></span> <span class='ocrx_word' id='word_1_126' title='bbox 1142 2331 1406 2381; x_wconf 75' lang='lat' dir='ltr'><strong>intendere·</strong></span> 
     </span>
     <span class='ocr_line' id='line_1_26' title="bbox 329 2409 928 2468; baseline -0.007 -9"><span class='ocrx_word' id='word_1_127' title='bbox 329 2413 440 2459; x_wconf 64' lang='lat' dir='ltr'><strong>tur.</strong></span> <span class='ocrx_word' id='word_1_128' title='bbox 473 2409 722 2459; x_wconf 84' lang='lat' dir='ltr'><strong>Pichenn.</strong></span> <span class='ocrx_word' id='word_1_129' title='bbox 807 2431 816 2439; x_wconf 91' lang='lat'><em>-</em></span> <span class='ocrx_word' id='word_1_130' title='bbox 922 2462 928 2468; x_wconf 48' lang='lat'><strong>,</strong></span> 
     </span>
    </p>

    <p class='ocr_par' dir='ltr' id='par_1_8' title="bbox 328 2485 1409 2704">
     <span class='ocr_line' id='line_1_27' title="bbox 400 2485 1409 2550; baseline -0.002 -13"><span class='ocrx_word' id='word_1_131' title='bbox 400 2486 542 2537; x_wconf 63' lang='lat' dir='ltr'><strong>Car.</strong></span> <span class='ocrx_word' id='word_1_132' title='bbox 562 2490 647 2536; x_wconf 85' lang='grc'><strong>46.</strong></span> <span class='ocrx_word' id='word_1_133' title='bbox 686 2485 934 2537; x_wconf 67' lang='lat' dir='ltr'><strong>&amp;atilium</strong></span> <span class='ocrx_word' id='word_1_134' title='bbox 974 2487 1178 2536; x_wconf 77' lang='lat' dir='ltr'><strong>Taurum</strong></span> <span class='ocrx_word' id='word_1_135' title='bbox 1210 2500 1409 2550; x_wconf 78' lang='lat' dir='ltr'><strong>procon-</strong></span> 
     </span>
     <span class='ocr_line' id='line_1_28' title="bbox 328 2563 1407 2628; baseline -0.002 -15"><span class='ocrx_word' id='word_1_136' title='bbox 328 2565 480 2614; x_wconf 76' lang='lat' dir='ltr'><strong>sulem</strong></span> <span class='ocrx_word' id='word_1_137' title='bbox 521 2563 694 2628; x_wconf 81' lang='lat' dir='ltr'><strong>ipsius]</strong></span> <span class='ocrx_word' id='word_1_138' title='bbox 761 2564 994 2614; x_wconf 82' lang='lat' dir='ltr'><strong>Floreat.</strong></span> <span class='ocrx_word' id='word_1_139' title='bbox 1018 2563 1407 2628; x_wconf 51' lang='lat' dir='ltr'><strong>habeam-oson-</strong></span> 
     </span>
     <span class='ocr_line' id='line_1_29' title="bbox 330 2639 1134 2704; baseline -0.004 -14"><span class='ocrx_word' id='word_1_140' title='bbox 330 2642 452 2701; x_wconf 76' lang='lat' dir='ltr'><strong>sule,</strong></span> <span class='ocrx_word' id='word_1_141' title='bbox 477 2650 534 2690; x_wconf 82' lang='lat' dir='ltr'><strong>ut</strong></span> <span class='ocrx_word' id='word_1_142' title='bbox 557 2655 700 2704; x_wconf 74' lang='lat' dir='ltr'><strong>saepe</strong></span> <span class='ocrx_word' id='word_1_143' title='bbox 721 2640 864 2690; x_wconf 73' lang='lat' dir='ltr'><strong>aliaS.</strong></span> <span class='ocrx_word' id='word_1_144' title='bbox 902 2639 1134 2688; x_wconf 68' lang='lat' dir='ltr'><strong>Pie-hena.</strong></span> 
     </span>
    </p>

    <p class='ocr_par' dir='ltr' id='par_1_9' title="bbox 332 2711 1413 3324">
     <span class='ocr_line' id='line_1_30' title="bbox 370 2711 1410 2779; baseline -0.003 -12"><span class='ocrx_word' id='word_1_145' title='bbox 370 2742 378 2747; x_wconf 91' lang='lat'><em>·</em></span> <span class='ocrx_word' id='word_1_146' title='bbox 401 2718 541 2767; x_wconf 58' lang='lat' dir='ltr'><strong>Car.</strong></span> <span class='ocrx_word' id='word_1_147' title='bbox 562 2721 645 2768; x_wconf 79' lang='lat'><strong>48.</strong></span> <span class='ocrx_word' id='word_1_148' title='bbox 694 2717 755 2768; x_wconf 89' lang='lat' dir='ltr'><strong>P.</strong></span> <span class='ocrx_word' id='word_1_149' title='bbox 784 2711 1040 2779; x_wconf 79' lang='lat' dir='ltr'><strong>Mario,L.</strong></span> <span class='ocrx_word' id='word_1_150' title='bbox 1062 2715 1236 2766; x_wconf 77' lang='lat' dir='ltr'><strong>Asinio</strong></span> <span class='ocrx_word' id='word_1_151' title='bbox 1263 2715 1410 2779; x_wconf 62' lang='lat' dir='ltr'><strong>coss]</strong></span> 
     </span>
     <span class='ocr_line' id='line_1_31' title="bbox 334 2791 1408 2857; baseline -0.003 -12"><span class='ocrx_word' id='word_1_152' title='bbox 334 2794 544 2845; x_wconf 80' lang='lat' dir='ltr'><strong>Nomen</strong></span> <span class='ocrx_word' id='word_1_153' title='bbox 597 2792 750 2857; x_wconf 84' lang='lat' dir='ltr'><strong>hujus</strong></span> <span class='ocrx_word' id='word_1_154' title='bbox 810 2793 962 2857; x_wconf 83' lang='lat' dir='ltr'><strong>primi</strong></span> <span class='ocrx_word' id='word_1_155' title='bbox 1029 2791 1253 2842; x_wconf 88' lang='lat' dir='ltr'><strong>consulis</strong></span> <span class='ocrx_word' id='word_1_156' title='bbox 1298 2806 1408 2842; x_wconf 88' lang='lat' dir='ltr'><strong>cor·</strong></span> 
     </span>
     <span class='ocr_line' id='line_1_32' title="bbox 333 2869 1407 2938; baseline -0.005 -15"><span class='ocrx_word' id='word_1_157' title='bbox 333 2878 493 2938; x_wconf 84' lang='lat' dir='ltr'><strong>rupte</strong></span> <span class='ocrx_word' id='word_1_158' title='bbox 516 2873 658 2936; x_wconf 84' lang='lat' dir='ltr'><strong>legas</strong></span> <span class='ocrx_word' id='word_1_159' title='bbox 678 2871 731 2922; x_wconf 92' lang='lat' dir='ltr'><strong>in</strong></span> <span class='ocrx_word' id='word_1_160' title='bbox 755 2877 961 2920; x_wconf 83' lang='lat' dir='ltr'><strong>vetusta</strong></span> <span class='ocrx_word' id='word_1_161' title='bbox 986 2870 1157 2920; x_wconf 87' lang='lat' dir='ltr'><strong>Persii</strong></span> <span class='ocrx_word' id='word_1_162' title='bbox 1179 2869 1288 2921; x_wconf 77' lang='lat' dir='ltr'><strong>vita</strong></span> <span class='ocrx_word' id='word_1_163' title='bbox 1313 2883 1407 2919; x_wconf 91' lang='lat' dir='ltr'><strong>nu-</strong></span> 
     </span>
     <span class='ocr_line' id='line_1_33' title="bbox 333 2946 1404 3015; baseline -0.003 -15"><span class='ocrx_word' id='word_1_164' title='bbox 333 2965 433 3015; x_wconf 88' lang='lat' dir='ltr'><strong>per</strong></span> <span class='ocrx_word' id='word_1_165' title='bbox 454 2965 573 3000; x_wconf 86' lang='lat' dir='ltr'><strong>cum</strong></span> <span class='ocrx_word' id='word_1_166' title='bbox 594 2949 864 3001; x_wconf 81' lang='lat' dir='ltr'><strong>Juvenaiis</strong></span> <span class='ocrx_word' id='word_1_167' title='bbox 903 2947 1191 2998; x_wconf 82' lang='lat' dir='ltr'><strong>Scholiaste</strong></span> <span class='ocrx_word' id='word_1_168' title='bbox 1227 2946 1404 2997; x_wconf 78' lang='lat' dir='ltr'><strong>edita:</strong></span> 
     </span>
     <span class='ocr_line' id='line_1_34' title="bbox 332 3024 1408 3078; baseline -0.004 0"><span class='ocrx_word' id='word_1_169' title='bbox 332 3030 350 3056; x_wconf 79' lang='lat'><strong><em>⁴</em></strong></span> <span class='ocrx_word' id='word_1_170' title='bbox 373 3028 624 3078; x_wconf 74' lang='lat' dir='ltr'><strong>Decessit</strong></span> <span class='ocrx_word' id='word_1_171' title='bbox 649 3025 857 3076; x_wconf 82' lang='lat' dir='ltr'><strong>Persius</strong></span> <span class='ocrx_word' id='word_1_172' title='bbox 881 3039 1003 3075; x_wconf 75' lang='lat' dir='ltr'><strong>vui.</strong></span> <span class='ocrx_word' id='word_1_173' title='bbox 1035 3024 1262 3075; x_wconf 77' lang='lat' dir='ltr'><strong>Kalend.</strong></span> <span class='ocrx_word' id='word_1_174' title='bbox 1298 3025 1408 3074; x_wconf 92' lang='lat' dir='ltr'><strong>De-</strong></span> 
     </span>
     <span class='ocr_line' id='line_1_35' title="bbox 335 3100 1409 3164; baseline -0.003 -9"><span class='ocrx_word' id='word_1_175' title='bbox 335 3105 537 3155; x_wconf 87' lang='lat' dir='ltr'><strong>cembr.</strong></span> <span class='ocrx_word' id='word_1_176' title='bbox 584 3104 779 3154; x_wconf 86' lang='lat' dir='ltr'><strong>Rubrio</strong></span> <span class='ocrx_word' id='word_1_177' title='bbox 816 3104 1007 3164; x_wconf 84' lang='lat' dir='ltr'><strong>Mario,</strong></span> <span class='ocrx_word' id='word_1_178' title='bbox 1040 3102 1223 3152; x_wconf 81' lang='lat' dir='ltr'><strong>Asinio</strong></span> <span class='ocrx_word' id='word_1_179' title='bbox 1254 3100 1409 3153; x_wconf 88' lang='lat' dir='ltr'><strong>Gallo</strong></span> 
     </span>
     <span class='ocr_line' id='line_1_36' title="bbox 339 3176 1413 3245; baseline -0.001 -13"><span class='ocrx_word' id='word_1_180' title='bbox 339 3176 507 3245; x_wconf 64' lang='lat' dir='ltr'><strong>Coss!</strong></span> <span class='ocrx_word' id='word_1_181' title='bbox 553 3181 758 3244; x_wconf 82' lang='lat' dir='ltr'><strong>Scribe,</strong></span> <span class='ocrx_word' id='word_1_182' title='bbox 781 3181 950 3231; x_wconf 84' lang='lat' dir='ltr'><strong>Publio</strong></span> <span class='ocrx_word' id='word_1_183' title='bbox 973 3181 1169 3231; x_wconf 81' lang='lat' dir='ltr'><strong>Mario.-</strong></span> <span class='ocrx_word' id='word_1_184' title='bbox 1186 3180 1270 3232; x_wconf 90' lang='lat' dir='ltr'><strong>cui</strong></span> <span class='ocrx_word' id='word_1_185' title='bbox 1292 3194 1413 3245; x_wconf 76' lang='lat' dir='ltr'><strong>cog-</strong></span> 
     </span>
     <span class='ocr_line' id='line_1_37' title="bbox 337 3258 1139 3324; baseline -0.004 -14"><span class='ocrx_word' id='word_1_186' title='bbox 337 3275 528 3313; x_wconf 89' lang='lat' dir='ltr'><strong>nomen</strong></span> <span class='ocrx_word' id='word_1_187' title='bbox 550 3258 668 3322; x_wconf 82' lang='lat' dir='ltr'><strong>fuit,</strong></span> <span class='ocrx_word' id='word_1_188' title='bbox 692 3260 892 3309; x_wconf 87' lang='lat' dir='ltr'><strong>Celsus.</strong></span> <span class='ocrx_word' id='word_1_189' title='bbox 926 3259 1139 3324; x_wconf 77' lang='lat' dir='ltr'><strong>Lipsius.</strong></span> 
     </span>
    </p>

    <p class='ocr_par' dir='ltr' id='par_1_10' title="bbox 336 3334 1409 3480">
     <span class='ocr_line' id='line_1_38' title="bbox 345 3334 1409 3403; baseline -0.001 -17"><span class='ocrx_word' id='word_1_190' title='bbox 345 3390 372 3403; x_wconf 27' lang='grc' dir='ltr'><strong>,ι</strong></span> <span class='ocrx_word' id='word_1_191' title='bbox 406 3337 561 3395; x_wconf 82' lang='lat' dir='ltr'><strong>Quem</strong></span> <span class='ocrx_word' id='word_1_192' title='bbox 575 3337 628 3385; x_wconf 78' lang='lat' dir='ltr'><strong>in</strong></span> <span class='ocrx_word' id='word_1_193' title='bbox 649 3334 911 3386; x_wconf 64' lang='lat' dir='ltr'><strong>Tribunatu</strong></span> <span class='ocrx_word' id='word_1_194' title='bbox 930 3335 1129 3395; x_wconf 64' lang='lat' dir='ltr'><strong>licenter</strong></span> <span class='ocrx_word' id='word_1_195' title='bbox 1149 3335 1300 3398; x_wconf 75' lang='lat' dir='ltr'><strong>egisse</strong></span> <span class='ocrx_word' id='word_1_196' title='bbox 1314 3350 1409 3385; x_wconf 84' lang='lat' dir='ltr'><strong>me·</strong></span> 
     </span>
     <span class='ocr_line' id='line_1_39' title="bbox 336 3414 1029 3480; baseline -0.007 -13"><span class='ocrx_word' id='word_1_197' title='bbox 336 3416 545 3480; x_wconf 73' lang='lat' dir='ltr'><strong>moravi]</strong></span> <span class='ocrx_word' id='word_1_198' title='bbox 577 3415 691 3464; x_wconf 89' lang='lat' dir='ltr'><strong>Lib.</strong></span> <span class='ocrx_word' id='word_1_199' title='bbox 712 3427 842 3463; x_wconf 80' lang='lat' dir='ltr'><strong>xm.</strong></span> <span class='ocrx_word' id='word_1_200' title='bbox 877 3414 1029 3462; x_wconf 84' lang='lat' dir='ltr'><strong>Idem.</strong></span> 
     </span>
    </p>

    <p class='ocr_par' dir='ltr' id='par_1_11' title="bbox 329 3490 1416 4331">
     <span class='ocr_line' id='line_1_40' title="bbox 404 3490 1411 3555; baseline -0.004 -11"><span class='ocrx_word' id='word_1_201' title='bbox 404 3495 648 3544; x_wconf 81' lang='lat' dir='ltr'><strong>Revocata</strong></span> <span class='ocrx_word' id='word_1_202' title='bbox 665 3509 720 3542; x_wconf 88' lang='lat' dir='ltr'><strong>ea</strong></span> <span class='ocrx_word' id='word_1_203' title='bbox 738 3495 817 3543; x_wconf 76' lang='lat' dir='ltr'><strong>lex</strong></span> <span class='ocrx_word' id='word_1_204' title='bbox 831 3491 1128 3552; x_wconf 77' lang='lat' dir='ltr'><strong>credebatur,</strong></span> <span class='ocrx_word' id='word_1_205' title='bbox 1141 3490 1269 3555; x_wconf 79' lang='lat' dir='ltr'><strong>(quoe</strong></span> <span class='ocrx_word' id='word_1_206' title='bbox 1287 3491 1411 3540; x_wconf 76' lang='lat' dir='ltr'><strong>haud</strong></span> 
     </span>
     <span class='ocr_line' id='line_1_41' title="bbox 329 3567 1412 3641; baseline -0.004 -19"><span class='ocrx_word' id='word_1_207' title='bbox 329 3570 555 3641; x_wconf 74' lang='lat' dir='ltr'><strong>perinde]</strong></span> <span class='ocrx_word' id='word_1_208' title='bbox 641 3570 851 3633; x_wconf 80' lang='lat' dir='ltr'><strong>Pugnat</strong></span> <span class='ocrx_word' id='word_1_209' title='bbox 896 3582 1116 3634; x_wconf 84' lang='lat' dir='ltr'><strong>sequens</strong></span> <span class='ocrx_word' id='word_1_210' title='bbox 1159 3567 1412 3628; x_wconf 81' lang='lat' dir='ltr'><strong>narratio,</strong></span> 
     </span>
     <span class='ocr_line' id='line_1_42' title="bbox 339 3646 1412 3716; baseline -0.011 -12"><span class='ocrx_word' id='word_1_211' title='bbox 339 3649 641 3716; x_wconf 81' lang='lat' dir='ltr'><strong>suadetque</strong></span> <span class='ocrx_word' id='word_1_212' title='bbox 688 3646 1079 3709; x_wconf 71' lang='lat' dir='ltr'><strong>rescribendum</strong></span> <span class='ocrx_word' id='word_1_213' title='bbox 1136 3660 1255 3708; x_wconf 82' lang='lat' dir='ltr'><strong>qua:</strong></span> <span class='ocrx_word' id='word_1_214' title='bbox 1307 3658 1412 3693; x_wconf 92' lang='lat' dir='ltr'><strong>non</strong></span> 
     </span>
     <span class='ocr_line' id='line_1_43' title="bbox 338 3719 1408 3793; baseline -0.013 -11"><span class='ocrx_word' id='word_1_215' title='bbox 338 3733 482 3783; x_wconf 83' lang='lat' dir='ltr'><strong>enim</strong></span> <span class='ocrx_word' id='word_1_216' title='bbox 504 3731 592 3780; x_wconf 82' lang='lat' dir='ltr'><strong>lex</strong></span> <span class='ocrx_word' id='word_1_217' title='bbox 622 3727 860 3793; x_wconf 81' lang='lat' dir='ltr'><strong>quaesivit</strong></span> <span class='ocrx_word' id='word_1_218' title='bbox 894 3724 1110 3790; x_wconf 78' lang='lat' dir='ltr'><strong>gloriam</strong></span> <span class='ocrx_word' id='word_1_219' title='bbox 1154 3719 1408 3786; x_wconf 80' lang='lat' dir='ltr'><strong>principi.</strong></span> 
     </span>
     <span class='ocr_line' id='line_1_44' title="bbox 337 3803 1414 3871; baseline -0.01 -11"><span class='ocrx_word' id='word_1_220' title='bbox 337 3810 434 3860; x_wconf 77' lang='lat' dir='ltr'><strong>sed</strong></span> <span class='ocrx_word' id='word_1_221' title='bbox 459 3808 650 3871; x_wconf 85' lang='lat' dir='ltr'><strong>Capito</strong></span> <span class='ocrx_word' id='word_1_222' title='bbox 674 3821 738 3856; x_wconf 87' lang='lat' dir='ltr'><strong>eo</strong></span> <span class='ocrx_word' id='word_1_223' title='bbox 771 3803 982 3856; x_wconf 86' lang='lat' dir='ltr'><strong>consilio</strong></span> <span class='ocrx_word' id='word_1_224' title='bbox 1008 3804 1176 3866; x_wconf 84' lang='lat' dir='ltr'><strong>legem</strong></span> <span class='ocrx_word' id='word_1_225' title='bbox 1200 3815 1414 3850; x_wconf 88' lang='lat' dir='ltr'><strong>revoca-</strong></span> 
     </span>
     <span class='ocr_line' id='line_1_45' title="bbox 340 3877 1411 3956; baseline -0.012 -18"><span class='ocrx_word' id='word_1_226' title='bbox 340 3888 453 3956; x_wconf 79' lang='lat' dir='ltr'><strong>bat,</strong></span> <span class='ocrx_word' id='word_1_227' title='bbox 489 3899 591 3934; x_wconf 85' lang='lat' dir='ltr'><strong>nou</strong></span> <span class='ocrx_word' id='word_1_228' title='bbox 617 3882 777 3933; x_wconf 85' lang='lat' dir='ltr'><strong>exitio</strong></span> <span class='ocrx_word' id='word_1_229' title='bbox 800 3879 1034 3942; x_wconf 80' lang='lat' dir='ltr'><strong>Antistii,</strong></span> <span class='ocrx_word' id='word_1_230' title='bbox 1068 3877 1166 3928; x_wconf 86' lang='lat' dir='ltr'><strong>sed</strong></span> <span class='ocrx_word' id='word_1_231' title='bbox 1189 3884 1248 3927; x_wconf 89' lang='lat' dir='ltr'><strong>ut</strong></span> <span class='ocrx_word' id='word_1_232' title='bbox 1272 3877 1411 3927; x_wconf 88' lang='lat' dir='ltr'><strong>dam·</strong></span> 
     </span>
     <span class='ocr_line' id='line_1_46' title="bbox 336 3952 1411 4020; baseline -0.011 -3"><span class='ocrx_word' id='word_1_233' title='bbox 336 3952 494 4017; x_wconf 80' lang='lat' dir='ltr'><strong>natus</strong></span> <span class='ocrx_word' id='word_1_234' title='bbox 518 3978 547 4010; x_wconf 90' lang='lat' dir='ltr'><strong>a</strong></span> <span class='ocrx_word' id='word_1_235' title='bbox 567 3961 767 4011; x_wconf 82' lang='lat' dir='ltr'><strong>Senatu</strong></span> <span class='ocrx_word' id='word_1_236' title='bbox 788 3955 1043 4008; x_wconf 86' lang='lat' dir='ltr'><strong>beneficio</strong></span> <span class='ocrx_word' id='word_1_237' title='bbox 1057 3952 1320 4020; x_wconf 85' lang='lat' dir='ltr'><strong>Principis</strong></span> <span class='ocrx_word' id='word_1_238' title='bbox 1336 3953 1411 4006; x_wconf 83' lang='lat' dir='ltr'><strong>fa-</strong></span> 
     </span>
     <span class='ocr_line' id='line_1_47' title="bbox 337 4032 1411 4099; baseline -0.01 -7"><span class='ocrx_word' id='word_1_239' title='bbox 337 4052 486 4099; x_wconf 79' lang='lat' dir='ltr'><strong>ceret</strong></span> <span class='ocrx_word' id='word_1_240' title='bbox 500 4041 685 4089; x_wconf 86' lang='lat' dir='ltr'><strong>locum.</strong></span> <span class='ocrx_word' id='word_1_241' title='bbox 706 4036 993 4086; x_wconf 74' lang='lat' dir='ltr'><strong>scelestum</strong></span> <span class='ocrx_word' id='word_1_242' title='bbox 1004 4033 1222 4083; x_wconf 84' lang='lat' dir='ltr'><strong>bominis</strong></span> <span class='ocrx_word' id='word_1_243' title='bbox 1241 4032 1411 4083; x_wconf 86' lang='lat' dir='ltr'><strong>consi-</strong></span> 
     </span>
     <span class='ocr_line' id='line_1_48' title="bbox 338 4109 1448 4180; baseline -0.011 -9"><span class='ocrx_word' id='word_1_244' title='bbox 338 4121 469 4180; x_wconf 85' lang='lat' dir='ltr'><strong>lium</strong></span> <span class='ocrx_word' id='word_1_245' title='bbox 495 4117 797 4175; x_wconf 79' lang='lat' dir='ltr'><strong>subversum</strong></span> <span class='ocrx_word' id='word_1_246' title='bbox 812 4110 1055 4163; x_wconf 65' lang='lat' dir='ltr'><strong>Thraseae</strong></span> <span class='ocrx_word' id='word_1_247' title='bbox 1073 4109 1335 4161; x_wconf 86' lang='lat' dir='ltr'><strong>sententia</strong></span> <span class='ocrx_word' id='word_1_248' title='bbox 1358 4114 1448 4160; x_wconf 91' lang='lat' dir='ltr'><strong>et</strong></span> 
     </span>
     <span class='ocr_line' id='line_1_49' title="bbox 340 4187 1411 4248; baseline -0.011 0"><span class='ocrx_word' id='word_1_249' title='bbox 340 4201 566 4248; x_wconf 80' lang='lat' dir='ltr'><strong>Senatus</strong></span> <span class='ocrx_word' id='word_1_250' title='bbox 588 4195 824 4244; x_wconf 86' lang='lat' dir='ltr'><strong>adsensu.</strong></span> <span class='ocrx_word' id='word_1_251' title='bbox 849 4192 1111 4240; x_wconf 74' lang='lat' dir='ltr'><strong>Mercem.</strong></span> <span class='ocrx_word' id='word_1_252' title='bbox 1167 4189 1312 4239; x_wconf 89' lang='lat' dir='ltr'><strong>Nero</strong></span> <span class='ocrx_word' id='word_1_253' title='bbox 1323 4187 1411 4236; x_wconf 86' lang='lat' dir='ltr'><strong>ad-</strong></span> 
     </span>
     <span class='ocr_line' id='line_1_50' title="bbox 340 4262 1416 4331; baseline -0.01 -4"><span class='ocrx_word' id='word_1_254' title='bbox 340 4262 488 4329; x_wconf 79' lang='lat' dir='ltr'><strong>misit</strong></span> <span class='ocrx_word' id='word_1_255' title='bbox 515 4271 828 4322; x_wconf 79' lang='lat' dir='ltr'><strong>delationem</strong></span> <span class='ocrx_word' id='word_1_256' title='bbox 862 4267 1178 4331; x_wconf 80' lang='lat' dir='ltr'><strong>Cossutiani,</strong></span> <span class='ocrx_word' id='word_1_257' title='bbox 1210 4280 1313 4317; x_wconf 88' lang='lat' dir='ltr'><strong>non</strong></span> <span class='ocrx_word' id='word_1_258' title='bbox 1337 4271 1416 4316; x_wconf 91' lang='lat' dir='ltr'><strong>ut</strong></span> 
     </span>
    </p>
   </div>
   <div class='ocr_carea' id='block_1_5' title="bbox 237 4343 1417 4417">
    <p class='ocr_par' dir='ltr' id='par_1_12' title="bbox 237 4343 1417 4417">
     <span class='ocr_line' id='line_1_51' title="bbox 237 4343 1417 4417; baseline -0.006 -11"><span class='ocrx_word' id='word_1_259' title='bbox 237 4362 242 4367; x_wconf 81' lang='grc'><em>·</em></span> <span class='ocrx_word' id='word_1_260' title='bbox 337 4351 630 4404; x_wconf 76' lang='lat' dir='ltr'><strong>Antistium</strong></span> <span class='ocrx_word' id='word_1_261' title='bbox 649 4352 1005 4417; x_wconf 76' lang='lat' dir='ltr'><strong>perverteret,</strong></span> <span class='ocrx_word' id='word_1_262' title='bbox 1017 4345 1111 4398; x_wconf 87' lang='lat' dir='ltr'><strong>sed</strong></span> <span class='ocrx_word' id='word_1_263' title='bbox 1126 4350 1187 4396; x_wconf 88' lang='lat' dir='ltr'><strong>ut</strong></span> <span class='ocrx_word' id='word_1_264' title='bbox 1207 4343 1417 4399; x_wconf 66' lang='lat' dir='ltr'><strong>dauns-</strong></span> 
     </span>
    </p>
   </div>
   <div class='ocr_carea' id='block_1_6' title="bbox 2371 372 2557 475">
    <p class='ocr_par' dir='ltr' id='par_1_13' title="bbox 2371 372 2557 475">
     <span class='ocr_line' id='line_1_52' title="bbox 2371 372 2557 475; baseline -0.027 1"><span class='ocrx_word' id='word_1_265' title='bbox 2371 372 2557 475; x_wconf 54' lang='lat' dir='ltr'><strong>mx</strong></span> 
     </span>
    </p>
   </div>
   <div class='ocr_carea' id='block_1_7' title="bbox 1468 542 2566 2160">
    <p class='ocr_par' dir='ltr' id='par_1_14' title="bbox 1468 542 2566 2160">
     <span class='ocr_line' id='line_1_53' title="bbox 1472 542 2546 608; baseline -0.002 -12"><span class='ocrx_word' id='word_1_266' title='bbox 1472 552 1585 597; x_wconf 88' lang='lat' dir='ltr'><strong>tum</strong></span> <span class='ocrx_word' id='word_1_267' title='bbox 1609 561 1701 596; x_wconf 80' lang='lat' dir='ltr'><strong>sua</strong></span> <span class='ocrx_word' id='word_1_268' title='bbox 1722 545 2095 597; x_wconf 76' lang='lat' dir='ltr'><strong>intercessione</strong></span> <span class='ocrx_word' id='word_1_269' title='bbox 2113 543 2382 608; x_wconf 84' lang='lat' dir='ltr'><strong>liberaret,</strong></span> <span class='ocrx_word' id='word_1_270' title='bbox 2403 542 2546 608; x_wconf 80' lang='lat' dir='ltr'><strong>inde·-</strong></span> 
     </span>
     <span class='ocr_line' id='line_1_54' title="bbox 1474 617 2552 690; baseline -0.003 -16"><span class='ocrx_word' id='word_1_271' title='bbox 1474 639 1575 690; x_wconf 92' lang='lat' dir='ltr'><strong>que</strong></span> <span class='ocrx_word' id='word_1_272' title='bbox 1587 624 1685 674; x_wconf 87' lang='lat' dir='ltr'><strong>sibi</strong></span> <span class='ocrx_word' id='word_1_273' title='bbox 1697 624 1987 675; x_wconf 82' lang='lat' dir='ltr'><strong>clementiae</strong></span> <span class='ocrx_word' id='word_1_274' title='bbox 2001 624 2216 688; x_wconf 77' lang='lat' dir='ltr'><strong>gloriam</strong></span> <span class='ocrx_word' id='word_1_275' title='bbox 2230 617 2552 685; x_wconf 77' lang='lat' dir='ltr'><strong>conciliaret,</strong></span> 
     </span>
     <span class='ocr_line' id='line_1_55' title="bbox 1472 698 2542 769; baseline -0.002 -19"><span class='ocrx_word' id='word_1_276' title='bbox 1472 716 1575 764; x_wconf 75' lang='lat' dir='ltr'><strong>quae</strong></span> <span class='ocrx_word' id='word_1_277' title='bbox 1595 699 1707 750; x_wconf 88' lang='lat' dir='ltr'><strong>scil.</strong></span> <span class='ocrx_word' id='word_1_278' title='bbox 1732 700 1996 751; x_wconf 75' lang='lat' dir='ltr'><strong>revocatio</strong></span> <span class='ocrx_word' id='word_1_279' title='bbox 2031 699 2318 763; x_wconf 76' lang='lat' dir='ltr'><strong>maJestatis</strong></span> <span class='ocrx_word' id='word_1_280' title='bbox 2341 698 2407 749; x_wconf 83' lang='lat' dir='ltr'><strong>ob</strong></span> <span class='ocrx_word' id='word_1_281' title='bbox 2429 714 2542 769; x_wconf 52' lang='lat' dir='ltr'><strong>cars</strong></span> 
     </span>
     <span class='ocr_line' id='line_1_56' title="bbox 1472 774 2540 843; baseline -0.003 -14"><span class='ocrx_word' id='word_1_282' title='bbox 1472 793 1591 829; x_wconf 90' lang='lat' dir='ltr'><strong>men</strong></span> <span class='ocrx_word' id='word_1_283' title='bbox 1614 774 1865 829; x_wconf 81' lang='lat' dir='ltr'><strong>famosum</strong></span> <span class='ocrx_word' id='word_1_284' title='bbox 1887 778 2123 843; x_wconf 77' lang='lat' dir='ltr'><strong>quoesirit.</strong></span> <span class='ocrx_word' id='word_1_285' title='bbox 2144 777 2249 827; x_wconf 86' lang='lat' dir='ltr'><strong>Sed</strong></span> <span class='ocrx_word' id='word_1_286' title='bbox 2265 775 2321 826; x_wconf 86' lang='lat' dir='ltr'><strong>id</strong></span> <span class='ocrx_word' id='word_1_287' title='bbox 2340 774 2540 829; x_wconf 86' lang='lat' dir='ltr'><strong>frustra</strong></span> 
     </span>
     <span class='ocr_line' id='line_1_57' title="bbox 1474 845 2542 922; baseline -0.005 -13"><span class='ocrx_word' id='word_1_288' title='bbox 1474 845 2542 922; x_wconf 53' lang='lat' dir='ltr'><strong>cecidit,praevaluitenimsentcntia‘l&#39;hra‘·</strong></span> 
     </span>
     <span class='ocr_line' id='line_1_58' title="bbox 1475 933 2548 1003; baseline -0.005 -16"><span class='ocrx_word' id='word_1_289' title='bbox 1475 951 1599 1001; x_wconf 75' lang='lat' dir='ltr'><strong>seae,</strong></span> <span class='ocrx_word' id='word_1_290' title='bbox 1629 951 1730 1003; x_wconf 87' lang='lat' dir='ltr'><strong>qua</strong></span> <span class='ocrx_word' id='word_1_291' title='bbox 1749 937 1983 997; x_wconf 84' lang='lat' dir='ltr'><strong>exilium,</strong></span> <span class='ocrx_word' id='word_1_292' title='bbox 2020 949 2120 985; x_wconf 92' lang='lat' dir='ltr'><strong>non</strong></span> <span class='ocrx_word' id='word_1_293' title='bbox 2164 948 2322 998; x_wconf 81' lang='lat' dir='ltr'><strong>mors,</strong></span> <span class='ocrx_word' id='word_1_294' title='bbox 2354 933 2548 998; x_wconf 81' lang='lat' dir='ltr'><strong>irroga·</strong></span> 
     </span>
     <span class='ocr_line' id='line_1_59' title="bbox 1475 1006 2547 1065; baseline -0.004 -1"><span class='ocrx_word' id='word_1_295' title='bbox 1475 1015 1650 1065; x_wconf 86' lang='lat' dir='ltr'><strong>batur.</strong></span> <span class='ocrx_word' id='word_1_296' title='bbox 1718 1013 2059 1064; x_wconf 72' lang='lat' dir='ltr'><strong>Intercessione</strong></span> <span class='ocrx_word' id='word_1_297' title='bbox 2102 1010 2376 1063; x_wconf 70' lang='lat' dir='ltr'><strong>tribunicia.</strong></span> <span class='ocrx_word' id='word_1_298' title='bbox 2451 1006 2547 1062; x_wconf 83' lang='lat' dir='ltr'><strong>Ni-</strong></span> 
     </span>
     <span class='ocr_line' id='line_1_60' title="bbox 1474 1086 2546 1158; baseline -0.005 -16"><span class='ocrx_word' id='word_1_299' title='bbox 1474 1092 1664 1143; x_wconf 80' lang='lat' dir='ltr'><strong>mirum</strong></span> <span class='ocrx_word' id='word_1_300' title='bbox 1685 1091 1932 1154; x_wconf 88' lang='lat' dir='ltr'><strong>Neronis,</strong></span> <span class='ocrx_word' id='word_1_301' title='bbox 1967 1090 2053 1158; x_wconf 89' lang='lat' dir='ltr'><strong>qui</strong></span> <span class='ocrx_word' id='word_1_302' title='bbox 2085 1104 2148 1140; x_wconf 89' lang='lat' dir='ltr'><strong>eo</strong></span> <span class='ocrx_word' id='word_1_303' title='bbox 2188 1089 2345 1141; x_wconf 88' lang='lat' dir='ltr'><strong>modo</strong></span> <span class='ocrx_word' id='word_1_304' title='bbox 2384 1086 2546 1138; x_wconf 88' lang='lat' dir='ltr'><strong>tribu-</strong></span> 
     </span>
     <span class='ocr_line' id='line_1_61' title="bbox 1474 1166 2546 1235; baseline -0.006 -14"><span class='ocrx_word' id='word_1_305' title='bbox 1474 1184 1594 1233; x_wconf 78' lang='lat' dir='ltr'><strong>nus,</strong></span> <span class='ocrx_word' id='word_1_306' title='bbox 1625 1184 1727 1235; x_wconf 92' lang='lat' dir='ltr'><strong>quo</strong></span> <span class='ocrx_word' id='word_1_307' title='bbox 1762 1168 2050 1234; x_wconf 55' lang='lat' dir='ltr'><strong>Augustum</strong></span> <span class='ocrx_word' id='word_1_308' title='bbox 2079 1169 2209 1218; x_wconf 88' lang='lat' dir='ltr'><strong>Tac.</strong></span> <span class='ocrx_word' id='word_1_309' title='bbox 2250 1166 2392 1220; x_wconf 89' lang='lat' dir='ltr'><strong>Aun.</strong></span> <span class='ocrx_word' id='word_1_310' title='bbox 2432 1168 2546 1229; x_wconf 47' lang='lat' dir='ltr'><strong>l.·‚1.</strong></span> 
     </span>
     <span class='ocr_line' id='line_1_62' title="bbox 1476 1244 2543 1312; baseline -0.004 -15"><span class='ocrx_word' id='word_1_311' title='bbox 1476 1248 1492 1276; x_wconf 88' lang='lat'>‘</span> <span class='ocrx_word' id='word_1_312' title='bbox 1517 1248 1591 1298; x_wconf 88' lang='lat' dir='ltr'><strong>Et</strong></span> <span class='ocrx_word' id='word_1_313' title='bbox 1629 1247 1696 1296; x_wconf 85' lang='lat' dir='ltr'><strong>ad</strong></span> <span class='ocrx_word' id='word_1_314' title='bbox 1724 1247 1968 1297; x_wconf 86' lang='lat' dir='ltr'><strong>tuendam</strong></span> <span class='ocrx_word' id='word_1_315' title='bbox 2014 1245 2218 1312; x_wconf 87' lang='lat' dir='ltr'><strong>plebem</strong></span> <span class='ocrx_word' id='word_1_316' title='bbox 2261 1244 2543 1296; x_wconf 87' lang='lat' dir='ltr'><strong>tribunicio</strong></span> 
     </span>
     <span class='ocr_line' id='line_1_63' title="bbox 1468 1321 2548 1391; baseline -0.006 -15"><span class='ocrx_word' id='word_1_317' title='bbox 1468 1324 1595 1391; x_wconf 84' lang='lat' dir='ltr'><strong>jure</strong></span> <span class='ocrx_word' id='word_1_318' title='bbox 1619 1324 1958 1376; x_wconf 65' lang='lat' dir='ltr'><strong>contentum!</strong></span> <span class='ocrx_word' id='word_1_319' title='bbox 2023 1324 2137 1375; x_wconf 88' lang='lat' dir='ltr'><strong>Nec</strong></span> <span class='ocrx_word' id='word_1_320' title='bbox 2158 1321 2316 1373; x_wconf 84' lang='lat' dir='ltr'><strong>falsus</strong></span> <span class='ocrx_word' id='word_1_321' title='bbox 2339 1327 2420 1372; x_wconf 87' lang='lat' dir='ltr'><strong>est</strong></span> <span class='ocrx_word' id='word_1_322' title='bbox 2443 1322 2548 1372; x_wconf 87' lang='lat' dir='ltr'><strong>aui-</strong></span> 
     </span>
     <span class='ocr_line' id='line_1_64' title="bbox 1476 1399 2543 1466; baseline -0.004 -14"><span class='ocrx_word' id='word_1_323' title='bbox 1476 1403 1548 1453; x_wconf 90' lang='lat' dir='ltr'><strong>mi</strong></span> <span class='ocrx_word' id='word_1_324' title='bbox 1571 1403 1930 1464; x_wconf 74' lang='lat' dir='ltr'><strong>Cossutianus,</strong></span> <span class='ocrx_word' id='word_1_325' title='bbox 1950 1402 2040 1466; x_wconf 86' lang='lat' dir='ltr'><strong>qui</strong></span> <span class='ocrx_word' id='word_1_326' title='bbox 2063 1399 2291 1464; x_wconf 88' lang='lat' dir='ltr'><strong>conjecit</strong></span> <span class='ocrx_word' id='word_1_327' title='bbox 2313 1414 2378 1449; x_wconf 86' lang='lat' dir='ltr'><strong>ea</strong></span> <span class='ocrx_word' id='word_1_328' title='bbox 2401 1413 2543 1449; x_wconf 80' lang='lat' dir='ltr'><strong>revo-</strong></span> 
     </span>
     <span class='ocr_line' id='line_1_65' title="bbox 1478 1475 2566 1530; baseline -0.006 0"><span class='ocrx_word' id='word_1_329' title='bbox 1478 1479 1686 1530; x_wconf 77' lang='lat' dir='ltr'><strong>catione</strong></span> <span class='ocrx_word' id='word_1_330' title='bbox 1733 1479 2001 1528; x_wconf 89' lang='lat' dir='ltr'><strong>Neronem</strong></span> <span class='ocrx_word' id='word_1_331' title='bbox 2046 1475 2340 1527; x_wconf 87' lang='lat' dir='ltr'><strong>clementiae</strong></span> <span class='ocrx_word' id='word_1_332' title='bbox 2386 1475 2566 1525; x_wconf 89' lang='lat' dir='ltr'><strong>decus&#39;</strong></span> 
     </span>
     <span class='ocr_line' id='line_1_66' title="bbox 1478 1552 2559 1621; baseline -0.007 -13"><span class='ocrx_word' id='word_1_333' title='bbox 1478 1555 1773 1617; x_wconf 79' lang='lat' dir='ltr'><strong>affectasse,</strong></span> <span class='ocrx_word' id='word_1_334' title='bbox 1805 1557 1820 1584; x_wconf 87' lang='lat'>‘</span> <span class='ocrx_word' id='word_1_335' title='bbox 1844 1556 2107 1607; x_wconf 87' lang='lat' dir='ltr'><strong>Caeterum</strong></span> <span class='ocrx_word' id='word_1_336' title='bbox 2131 1554 2276 1620; x_wconf 88' lang='lat' dir='ltr'><strong>sequi</strong></span> <span class='ocrx_word' id='word_1_337' title='bbox 2299 1552 2559 1621; x_wconf 30' lang='lat' dir='ltr'><strong>seven-ita·-</strong></span> 
     </span>
     <span class='ocr_line' id='line_1_67' title="bbox 1478 1628 2551 1697; baseline -0.006 -12"><span class='ocrx_word' id='word_1_338' title='bbox 1478 1642 1586 1685; x_wconf 86' lang='lat' dir='ltr'><strong>tem</strong></span> <span class='ocrx_word' id='word_1_339' title='bbox 1623 1632 2016 1684; x_wconf 86' lang='lat' dir='ltr'><strong>decernentium</strong></span> <span class='ocrx_word' id='word_1_340' title='bbox 2058 1632 2400 1697; x_wconf 85' lang='lat' dir='ltr'><strong>impediturus</strong></span> <span class='ocrx_word' id='word_1_341' title='bbox 2441 1628 2551 1679; x_wconf 86' lang='lat' dir='ltr'><strong>fue·</strong></span> 
     </span>
     <span class='ocr_line' id='line_1_68' title="bbox 1477 1711 2551 1777; baseline -0.007 -13"><span class='ocrx_word' id='word_1_342' title='bbox 1477 1712 1584 1764; x_wconf 86' lang='lat' dir='ltr'><strong>rit.’</strong></span> <span class='ocrx_word' id='word_1_343' title='bbox 1654 1714 1985 1763; x_wconf 81' lang='lat' dir='ltr'><strong>Postremum</strong></span> <span class='ocrx_word' id='word_1_344' title='bbox 2027 1711 2150 1777; x_wconf 85' lang='lat' dir='ltr'><strong>quid</strong></span> <span class='ocrx_word' id='word_1_345' title='bbox 2186 1724 2279 1760; x_wconf 90' lang='lat' dir='ltr'><strong>nos</strong></span> <span class='ocrx_word' id='word_1_346' title='bbox 2303 1715 2455 1774; x_wconf 83' lang='lat' dir='ltr'><strong>urget</strong></span> <span class='ocrx_word' id='word_1_347' title='bbox 2491 1715 2551 1757; x_wconf 92' lang='lat' dir='ltr'><strong>ut</strong></span> 
     </span>
     <span class='ocr_line' id='line_1_69' title="bbox 1477 1787 2551 1855; baseline -0.005 -16"><span class='ocrx_word' id='word_1_348' title='bbox 1477 1805 1597 1840; x_wconf 90' lang='lat' dir='ltr'><strong>cum</strong></span> <span class='ocrx_word' id='word_1_349' title='bbox 1657 1788 2069 1855; x_wconf 86' lang='lat' dir='ltr'><strong>ingeniosissimo</strong></span> <span class='ocrx_word' id='word_1_350' title='bbox 2126 1788 2369 1837; x_wconf 85' lang='lat' dir='ltr'><strong>Mercero</strong></span> <span class='ocrx_word' id='word_1_351' title='bbox 2414 1787 2551 1850; x_wconf 83' lang='lat' dir='ltr'><strong>lega-</strong></span> 
     </span>
     <span class='ocr_line' id='line_1_70' title="bbox 1476 1864 2548 1933; baseline -0.007 -14"><span class='ocrx_word' id='word_1_352' title='bbox 1476 1884 1613 1932; x_wconf 87' lang='lat' dir='ltr'><strong>mus,</strong></span> <span class='ocrx_word' id='word_1_353' title='bbox 1644 1866 1777 1933; x_wconf 77' lang='lat' dir='ltr'><strong>qua?</strong></span> <span class='ocrx_word' id='word_1_354' title='bbox 1841 1875 1896 1917; x_wconf 86' lang='lat' dir='ltr'><strong>et</strong></span> <span class='ocrx_word' id='word_1_355' title='bbox 1951 1865 2196 1916; x_wconf 82' lang='lat' dir='ltr'><strong>faciamus</strong></span> <span class='ocrx_word' id='word_1_356' title='bbox 2235 1864 2548 1930; x_wconf 87' lang='lat' dir='ltr'><strong>Capitonem</strong></span> 
     </span>
     <span class='ocr_line' id='line_1_71' title="bbox 1478 1941 2552 2011; baseline -0.007 -15"><span class='ocrx_word' id='word_1_357' title='bbox 1478 1960 1697 2010; x_wconf 81' lang='lat' dir='ltr'><strong>gnarum</strong></span> <span class='ocrx_word' id='word_1_358' title='bbox 1712 1945 1866 2011; x_wconf 84' lang='lat' dir='ltr'><strong>hujus</strong></span> <span class='ocrx_word' id='word_1_359' title='bbox 1887 1943 2201 1995; x_wconf 68' lang='lat' dir='ltr'><strong>Neronianae</strong></span> <span class='ocrx_word' id='word_1_360' title='bbox 2215 1941 2515 1993; x_wconf 85' lang='lat' dir='ltr'><strong>calliditatis</strong></span> <span class='ocrx_word' id='word_1_361' title='bbox 2532 1941 2552 1988; x_wconf 83' lang='lat'><strong>?</strong></span> 
     </span>
     <span class='ocr_line' id='line_1_72' title="bbox 1480 2016 2562 2088; baseline -0.006 -16"><span class='ocrx_word' id='word_1_362' title='bbox 1480 2022 1565 2072; x_wconf 84' lang='lat' dir='ltr'><strong>An</strong></span> <span class='ocrx_word' id='word_1_363' title='bbox 1589 2023 1632 2072; x_wconf 89' lang='lat' dir='ltr'><strong>is</strong></span> <span class='ocrx_word' id='word_1_364' title='bbox 1655 2022 1843 2088; x_wconf 88' lang='lat' dir='ltr'><strong>ubique</strong></span> <span class='ocrx_word' id='word_1_365' title='bbox 1881 2022 1968 2086; x_wconf 93' lang='lat' dir='ltr'><strong>(ut</strong></span> <span class='ocrx_word' id='word_1_366' title='bbox 2001 2020 2054 2068; x_wconf 90' lang='lat' dir='ltr'><strong>in</strong></span> <span class='ocrx_word' id='word_1_367' title='bbox 2087 2016 2360 2084; x_wconf 84' lang='lat' dir='ltr'><strong>nequitiis)</strong></span> <span class='ocrx_word' id='word_1_368' title='bbox 2403 2017 2562 2082; x_wconf 62' lang='lat' dir='ltr'><strong>aper·⁴</strong></span> 
     </span>
     <span class='ocr_line' id='line_1_73' title="bbox 1478 2096 2553 2160; baseline -0.007 -10"><span class='ocrx_word' id='word_1_369' title='bbox 1478 2103 1600 2151; x_wconf 81' lang='lat' dir='ltr'><strong>tus?</strong></span> <span class='ocrx_word' id='word_1_370' title='bbox 1666 2101 1902 2150; x_wconf 82' lang='lat' dir='ltr'><strong>Revocata</strong></span> <span class='ocrx_word' id='word_1_371' title='bbox 1925 2114 1981 2148; x_wconf 85' lang='lat' dir='ltr'><strong>ea</strong></span> <span class='ocrx_word' id='word_1_372' title='bbox 2004 2099 2083 2148; x_wconf 78' lang='lat' dir='ltr'><strong>lex</strong></span> <span class='ocrx_word' id='word_1_373' title='bbox 2103 2096 2398 2158; x_wconf 79' lang='lat' dir='ltr'><strong>credebatur,</strong></span> <span class='ocrx_word' id='word_1_374' title='bbox 2429 2110 2553 2160; x_wconf 74' lang='lat' dir='ltr'><strong>qttoe,</strong></span> 
     </span>
    </p>
   </div>
   <div class='ocr_carea' id='block_1_8' title="bbox 1478 2171 2622 2229">
    <p class='ocr_par' dir='ltr' id='par_1_15' title="bbox 1478 2171 2622 2229">
     <span class='ocr_line' id='line_1_74' title="bbox 1478 2171 2622 2229; baseline -0.006 -1"><span class='ocrx_word' id='word_1_375' title='bbox 1478 2185 1539 2229; x_wconf 88' lang='lat' dir='ltr'><strong>ut</strong></span> <span class='ocrx_word' id='word_1_376' title='bbox 1576 2176 1846 2227; x_wconf 86' lang='lat' dir='ltr'><strong>Sallustius</strong></span> <span class='ocrx_word' id='word_1_377' title='bbox 1893 2176 2010 2226; x_wconf 87' lang='lat' dir='ltr'><strong>Cat.</strong></span> <span class='ocrx_word' id='word_1_378' title='bbox 2054 2175 2069 2202; x_wconf 95' lang='lat'>‘</span> <span class='ocrx_word' id='word_1_379' title='bbox 2093 2173 2183 2225; x_wconf 87' lang='lat' dir='ltr'><strong>sed</strong></span> <span class='ocrx_word' id='word_1_380' title='bbox 2225 2180 2382 2224; x_wconf 83' lang='lat' dir='ltr'><strong>antea</strong></span> <span class='ocrx_word' id='word_1_381' title='bbox 2419 2171 2549 2222; x_wconf 88' lang='lat' dir='ltr'><strong>item</strong></span> <span class='ocrx_word' id='word_1_382' title='bbox 2612 2189 2622 2197; x_wconf 68' lang='grc'><strong>’</strong></span> 
     </span>
    </p>
   </div>
   <div class='ocr_carea' id='block_1_9' title="bbox 1479 2244 2556 3013">
    <p class='ocr_par' dir='ltr' id='par_1_16' title="bbox 1479 2244 2556 3013">
     <span class='ocr_line' id='line_1_75' title="bbox 1479 2244 2551 2319; baseline -0.008 -13"><span class='ocrx_word' id='word_1_383' title='bbox 1479 2255 1817 2319; x_wconf 83' lang='lat' dir='ltr'><strong>conjuravere</strong></span> <span class='ocrx_word' id='word_1_384' title='bbox 1859 2251 2015 2316; x_wconf 84' lang='lat' dir='ltr'><strong>pauci</strong></span> <span class='ocrx_word' id='word_1_385' title='bbox 2057 2244 2245 2301; x_wconf 79' lang='lat' dir='ltr'><strong>contra</strong></span> <span class='ocrx_word' id='word_1_386' title='bbox 2297 2262 2463 2312; x_wconf 82' lang='lat' dir='ltr'><strong>remp.</strong></span> <span class='ocrx_word' id='word_1_387' title='bbox 2498 2248 2551 2298; x_wconf 90' lang='lat' dir='ltr'><strong>in</strong></span> 
     </span>
     <span class='ocr_line' id='line_1_76' title="bbox 1479 2327 2552 2399; baseline -0.007 -18"><span class='ocrx_word' id='word_1_388' title='bbox 1479 2333 1665 2399; x_wconf 88' lang='lat' dir='ltr'><strong>quibus</strong></span> <span class='ocrx_word' id='word_1_389' title='bbox 1687 2330 1912 2382; x_wconf 75' lang='lat' dir='ltr'><strong>Catilina</strong></span> <span class='ocrx_word' id='word_1_390' title='bbox 1935 2328 2052 2390; x_wconf 84' lang='lat' dir='ltr'><strong>fuit,</strong></span> <span class='ocrx_word' id='word_1_391' title='bbox 2074 2327 2139 2377; x_wconf 90' lang='lat' dir='ltr'><strong>de</strong></span> <span class='ocrx_word' id='word_1_392' title='bbox 2160 2341 2262 2392; x_wconf 92' lang='lat' dir='ltr'><strong>quo</strong></span> <span class='ocrx_word' id='word_1_393' title='bbox 2290 2340 2440 2392; x_wconf 87' lang='lat' dir='ltr'><strong>quam</strong></span> <span class='ocrx_word' id='word_1_394' title='bbox 2465 2339 2552 2374; x_wconf 84' lang='lat' dir='ltr'><strong>ve·</strong></span> 
     </span>
     <span class='ocr_line' id='line_1_77' title="bbox 1480 2403 2556 2473; baseline -0.005 -14"><span class='ocrx_word' id='word_1_395' title='bbox 1480 2410 1680 2460; x_wconf 77' lang='lat' dir='ltr'><strong>tissime</strong></span> <span class='ocrx_word' id='word_1_396' title='bbox 1749 2414 1935 2473; x_wconf 83' lang='lat' dir='ltr'><strong>potero</strong></span> <span class='ocrx_word' id='word_1_397' title='bbox 1996 2404 2207 2456; x_wconf 88' lang='lat' dir='ltr'><strong>dicam.’</strong></span> <span class='ocrx_word' id='word_1_398' title='bbox 2263 2403 2556 2464; x_wconf 68' lang='lat' dir='ltr'><strong>Saliam-ius.</strong></span> 
     </span>
     <span class='ocr_line' id='line_1_78' title="bbox 1480 2476 2554 2551; baseline -0.008 -14"><span class='ocrx_word' id='word_1_399' title='bbox 1480 2487 1688 2540; x_wconf 82' lang='lat' dir='ltr'><strong>AEstuat</strong></span> <span class='ocrx_word' id='word_1_400' title='bbox 1724 2488 1804 2536; x_wconf 85' lang='lat' dir='ltr'><strong>hic</strong></span> <span class='ocrx_word' id='word_1_401' title='bbox 1850 2484 2075 2551; x_wconf 62' lang='lat' dir='ltr'><strong>Lipsius,</strong></span> <span class='ocrx_word' id='word_1_402' title='bbox 2109 2496 2205 2532; x_wconf 92' lang='lat' dir='ltr'><strong>nec</strong></span> <span class='ocrx_word' id='word_1_403' title='bbox 2228 2476 2447 2531; x_wconf 81' lang='lat' dir='ltr'><strong>cuneum</strong></span> <span class='ocrx_word' id='word_1_404' title='bbox 2473 2495 2554 2530; x_wconf 85' lang='lat' dir='ltr'><strong>re·</strong></span> 
     </span>
     <span class='ocr_line' id='line_1_79' title="bbox 1481 2558 2553 2630; baseline -0.007 -15"><span class='ocrx_word' id='word_1_405' title='bbox 1481 2565 1627 2630; x_wconf 85' lang='lat' dir='ltr'><strong>perit</strong></span> <span class='ocrx_word' id='word_1_406' title='bbox 1658 2565 1774 2615; x_wconf 80' lang='lat' dir='ltr'><strong>huic</strong></span> <span class='ocrx_word' id='word_1_407' title='bbox 1797 2563 1954 2625; x_wconf 84' lang='lat' dir='ltr'><strong>nodo,</strong></span> <span class='ocrx_word' id='word_1_408' title='bbox 1983 2576 2136 2628; x_wconf 89' lang='lat' dir='ltr'><strong>quem</strong></span> <span class='ocrx_word' id='word_1_409' title='bbox 2160 2561 2269 2610; x_wconf 87' lang='lat' dir='ltr'><strong>sola</strong></span> <span class='ocrx_word' id='word_1_410' title='bbox 2293 2558 2553 2623; x_wconf 80' lang='lat' dir='ltr'><strong>particula</strong></span> 
     </span>
     <span class='ocr_line' id='line_1_80' title="bbox 1482 2634 2550 2708; baseline -0.007 -16"><span class='ocrx_word' id='word_1_411' title='bbox 1482 2657 1587 2708; x_wconf 77' lang='lat' dir='ltr'><strong>quoe</strong></span> <span class='ocrx_word' id='word_1_412' title='bbox 1618 2642 1805 2695; x_wconf 83' lang='lat' dir='ltr'><strong>nectit.</strong></span> <span class='ocrx_word' id='word_1_413' title='bbox 1888 2638 2119 2704; x_wconf 84' lang='lat' dir='ltr'><strong>Expedit</strong></span> <span class='ocrx_word' id='word_1_414' title='bbox 2162 2645 2335 2688; x_wconf 86' lang='lat' dir='ltr'><strong>tamen</strong></span> <span class='ocrx_word' id='word_1_415' title='bbox 2376 2634 2550 2686; x_wconf 81' lang='lat' dir='ltr'><strong>Josias</strong></span> 
     </span>
     <span class='ocr_line' id='line_1_81' title="bbox 1481 2710 2551 2784; baseline -0.01 -12"><span class='ocrx_word' id='word_1_416' title='bbox 1481 2723 1774 2782; x_wconf 82' lang='lat' dir='ltr'><strong>Mercerns,</strong></span> <span class='ocrx_word' id='word_1_417' title='bbox 1794 2734 1884 2784; x_wconf 80' lang='lat' dir='ltr'><strong>qua</strong></span> <span class='ocrx_word' id='word_1_418' title='bbox 1907 2718 2021 2767; x_wconf 77' lang='lat' dir='ltr'><strong>haut</strong></span> <span class='ocrx_word' id='word_1_419' title='bbox 2039 2715 2257 2781; x_wconf 78' lang='lat' dir='ltr'><strong>perinde,</strong></span> <span class='ocrx_word' id='word_1_420' title='bbox 2278 2717 2361 2779; x_wconf 47' lang='grc' dir='ltr'><strong>ἅμα.</strong></span> <span class='ocrx_word' id='word_1_421' title='bbox 2400 2718 2462 2762; x_wconf 88' lang='lat' dir='ltr'><strong>ut</strong></span> <span class='ocrx_word' id='word_1_422' title='bbox 2483 2710 2551 2761; x_wconf 88' lang='lat' dir='ltr'><strong>ad</strong></span> 
     </span>
     <span class='ocr_line' id='line_1_82' title="bbox 1481 2791 2552 2857; baseline -0.009 -8"><span class='ocrx_word' id='word_1_423' title='bbox 1481 2804 1839 2849; x_wconf 78' lang='lat' dir='ltr'><strong>accusatorem</strong></span> <span class='ocrx_word' id='word_1_424' title='bbox 1856 2794 2131 2857; x_wconf 84' lang='lat' dir='ltr'><strong>referatur,</strong></span> <span class='ocrx_word' id='word_1_425' title='bbox 2149 2807 2253 2842; x_wconf 87' lang='lat' dir='ltr'><strong>nou</strong></span> <span class='ocrx_word' id='word_1_426' title='bbox 2274 2791 2339 2841; x_wconf 85' lang='lat' dir='ltr'><strong>ad</strong></span> <span class='ocrx_word' id='word_1_427' title='bbox 2363 2791 2552 2856; x_wconf 83' lang='lat' dir='ltr'><strong>legem.</strong></span> 
     </span>
     <span class='ocr_line' id='line_1_83' title="bbox 1483 2867 2555 2938; baseline -0.009 -13"><span class='ocrx_word' id='word_1_428' title='bbox 1483 2876 1632 2925; x_wconf 90' lang='lat' dir='ltr'><strong>Bene</strong></span> <span class='ocrx_word' id='word_1_429' title='bbox 1655 2871 1930 2938; x_wconf 87' lang='lat' dir='ltr'><strong>profecto:</strong></span> <span class='ocrx_word' id='word_1_430' title='bbox 1965 2869 2056 2921; x_wconf 85' lang='lat' dir='ltr'><strong>sed</strong></span> <span class='ocrx_word' id='word_1_431' title='bbox 2091 2868 2309 2920; x_wconf 86' lang='lat' dir='ltr'><strong>eandem</strong></span> <span class='ocrx_word' id='word_1_432' title='bbox 2344 2867 2396 2917; x_wconf 92' lang='lat' dir='ltr'><strong>in</strong></span> <span class='ocrx_word' id='word_1_433' title='bbox 2438 2880 2555 2916; x_wconf 87' lang='lat' dir='ltr'><strong>sen-</strong></span> 
     </span>
     <span class='ocr_line' id='line_1_84' title="bbox 1486 2944 2556 3013; baseline -0.007 -11"><span class='ocrx_word' id='word_1_434' title='bbox 1486 2951 1704 3002; x_wconf 82' lang='lat' dir='ltr'><strong>tentiam</strong></span> <span class='ocrx_word' id='word_1_435' title='bbox 1729 2957 1786 3000; x_wconf 89' lang='lat' dir='ltr'><strong>ut</strong></span> <span class='ocrx_word' id='word_1_436' title='bbox 1808 2949 1875 3013; x_wconf 78' lang='lat' dir='ltr'><strong>de</strong></span> <span class='ocrx_word' id='word_1_437' title='bbox 1895 2949 2011 3012; x_wconf 82' lang='lat' dir='ltr'><strong>lege</strong></span> <span class='ocrx_word' id='word_1_438' title='bbox 2034 2960 2239 3012; x_wconf 89' lang='lat' dir='ltr'><strong>quoque</strong></span> <span class='ocrx_word' id='word_1_439' title='bbox 2276 2945 2390 3010; x_wconf 84' lang='lat' dir='ltr'><strong>ipsa</strong></span> <span class='ocrx_word' id='word_1_440' title='bbox 2423 2944 2556 3001; x_wconf 53' lang='lat' dir='ltr'><strong>acci—</strong></span> 
     </span>
    </p>
   </div>
   <div class='ocr_carea' id='block_1_10' title="bbox 1438 3021 2554 3095">
    <p class='ocr_par' dir='ltr' id='par_1_17' title="bbox 1438 3021 2554 3095">
     <span class='ocr_line' id='line_1_85' title="bbox 1438 3021 2554 3095; baseline -0.01 -15"><span class='ocrx_word' id='word_1_441' title='bbox 1438 3039 1444 3045; x_wconf 81' lang='grc'><em>’</em></span> <span class='ocrx_word' id='word_1_442' title='bbox 1485 3035 1720 3095; x_wconf 82' lang='lat' dir='ltr'><strong>peretur,</strong></span> <span class='ocrx_word' id='word_1_443' title='bbox 1753 3021 1996 3076; x_wconf 65' lang='lat' dir='ltr'><strong>voluerat</strong></span> <span class='ocrx_word' id='word_1_444' title='bbox 2038 3024 2301 3084; x_wconf 87' lang='lat' dir='ltr'><strong>Muretus,</strong></span> <span class='ocrx_word' id='word_1_445' title='bbox 2339 3028 2554 3071; x_wconf 82' lang='lat' dir='ltr'><strong>notave·</strong></span> 
     </span>
    </p>
   </div>
   <div class='ocr_carea' id='block_1_11' title="bbox 1477 3096 2571 4317">
    <p class='ocr_par' dir='ltr' id='par_1_18' title="bbox 1477 3096 2571 4022">
     <span class='ocr_line' id='line_1_86' title="bbox 1486 3096 2556 3170; baseline -0.01 -13"><span class='ocrx_word' id='word_1_446' title='bbox 1486 3112 1673 3170; x_wconf 88' lang='lat' dir='ltr'><strong>ratque</strong></span> <span class='ocrx_word' id='word_1_447' title='bbox 1693 3102 1986 3168; x_wconf 81' lang='lat' dir='ltr'><strong>legendum,</strong></span> <span class='ocrx_word' id='word_1_448' title='bbox 2006 3104 2256 3166; x_wconf 80' lang='lat' dir='ltr'><strong>quoereret.</strong></span> <span class='ocrx_word' id='word_1_449' title='bbox 2323 3096 2457 3148; x_wconf 83' lang='lat' dir='ltr'><strong>Mihi</strong></span> <span class='ocrx_word' id='word_1_450' title='bbox 2482 3098 2556 3147; x_wconf 83' lang='lat' dir='ltr'><strong>al·</strong></span> 
     </span>
     <span class='ocr_line' id='line_1_87' title="bbox 1487 3175 2554 3240; baseline -0.011 -6"><span class='ocrx_word' id='word_1_451' title='bbox 1487 3189 1660 3234; x_wconf 86' lang='lat' dir='ltr'><strong>terum</strong></span> <span class='ocrx_word' id='word_1_452' title='bbox 1697 3181 1876 3230; x_wconf 83' lang='lat' dir='ltr'><strong>borum</strong></span> <span class='ocrx_word' id='word_1_453' title='bbox 1915 3175 2265 3240; x_wconf 76' lang='lat' dir='ltr'><strong>satisfaceret,</strong></span> <span class='ocrx_word' id='word_1_454' title='bbox 2292 3175 2390 3224; x_wconf 88' lang='lat' dir='ltr'><strong>nisi</strong></span> <span class='ocrx_word' id='word_1_455' title='bbox 2412 3175 2554 3224; x_wconf 89' lang='lat' dir='ltr'><strong>locu·</strong></span> 
     </span>
     <span class='ocr_line' id='line_1_88' title="bbox 1485 3249 2553 3317; baseline -0.01 -7"><span class='ocrx_word' id='word_1_456' title='bbox 1485 3260 1563 3310; x_wconf 89' lang='lat' dir='ltr'><strong>tio</strong></span> <span class='ocrx_word' id='word_1_457' title='bbox 1580 3260 1680 3317; x_wconf 77' lang='lat' dir='ltr'><strong>ista</strong></span> <span class='ocrx_word' id='word_1_458' title='bbox 1698 3255 2021 3307; x_wconf 87' lang='lat' dir='ltr'><strong>dissuaderet</strong></span> <span class='ocrx_word' id='word_1_459' title='bbox 2042 3270 2054 3301; x_wconf 73' lang='grc' dir='ltr'><strong>ε</strong></span> <span class='ocrx_word' id='word_1_460' title='bbox 2097 3255 2228 3303; x_wconf 77' lang='lat' dir='ltr'><strong>Tunc</strong></span> <span class='ocrx_word' id='word_1_461' title='bbox 2245 3252 2453 3316; x_wconf 53' lang='lat' dir='ltr'><strong>mimum</strong></span> <span class='ocrx_word' id='word_1_462' title='bbox 2479 3249 2553 3300; x_wconf 74' lang='lat' dir='ltr'><strong>re·</strong></span> 
     </span>
     <span class='ocr_line' id='line_1_89' title="bbox 1484 3328 2555 3391; baseline -0.009 -6"><span class='ocrx_word' id='word_1_463' title='bbox 1484 3340 1650 3386; x_wconf 68' lang='lat' dir='ltr'><strong>vocata</strong></span> <span class='ocrx_word' id='word_1_464' title='bbox 1673 3349 1727 3384; x_wconf 86' lang='lat' dir='ltr'><strong>ea</strong></span> <span class='ocrx_word' id='word_1_465' title='bbox 1751 3334 1830 3383; x_wconf 78' lang='lat' dir='ltr'><strong>lex</strong></span> <span class='ocrx_word' id='word_1_466' title='bbox 1852 3329 2144 3380; x_wconf 77' lang='lat' dir='ltr'><strong>credebatur.</strong></span> <span class='ocrx_word' id='word_1_467' title='bbox 2213 3328 2374 3391; x_wconf 85' lang='lat' dir='ltr'><strong>Quid,</strong></span> <span class='ocrx_word' id='word_1_468' title='bbox 2394 3328 2555 3376; x_wconf 79' lang='lat' dir='ltr'><strong>erede-</strong></span> 
     </span>
     <span class='ocr_line' id='line_1_90' title="bbox 1485 3405 2558 3475; baseline -0.007 -12"><span class='ocrx_word' id='word_1_469' title='bbox 1485 3411 1665 3465; x_wconf 79' lang='lat' dir='ltr'><strong>batur?</strong></span> <span class='ocrx_word' id='word_1_470' title='bbox 1698 3411 1898 3475; x_wconf 82' lang='lat' dir='ltr'><strong>inepte,</strong></span> <span class='ocrx_word' id='word_1_471' title='bbox 1924 3409 2072 3475; x_wconf 83' lang='lat' dir='ltr'><strong>quasi</strong></span> <span class='ocrx_word' id='word_1_472' title='bbox 2102 3405 2158 3457; x_wconf 90' lang='lat' dir='ltr'><strong>id</strong></span> <span class='ocrx_word' id='word_1_473' title='bbox 2188 3421 2291 3455; x_wconf 91' lang='lat' dir='ltr'><strong>non</strong></span> <span class='ocrx_word' id='word_1_474' title='bbox 2332 3412 2558 3455; x_wconf 90' lang='lat' dir='ltr'><strong>certum.</strong></span> 
     </span>
     <span class='ocr_line' id='line_1_91' title="bbox 1488 3481 2558 3551; baseline -0.012 -9"><span class='ocrx_word' id='word_1_475' title='bbox 1488 3492 1752 3542; x_wconf 84' lang='lat' dir='ltr'><strong>Revocata</strong></span> <span class='ocrx_word' id='word_1_476' title='bbox 1779 3497 1902 3538; x_wconf 87' lang='lat' dir='ltr'><strong>tunc</strong></span> <span class='ocrx_word' id='word_1_477' title='bbox 1926 3486 2145 3551; x_wconf 84' lang='lat' dir='ltr'><strong>primum</strong></span> <span class='ocrx_word' id='word_1_478' title='bbox 2185 3484 2270 3533; x_wconf 84' lang='lat' dir='ltr'><strong>lex</strong></span> <span class='ocrx_word' id='word_1_479' title='bbox 2305 3481 2558 3547; x_wconf 84' lang='lat' dir='ltr'><strong>Majesta-</strong></span> 
     </span>
     <span class='ocr_line' id='line_1_92' title="bbox 1487 3561 2555 3631; baseline -0.009 -13"><span class='ocrx_word' id='word_1_480' title='bbox 1487 3568 1555 3618; x_wconf 90' lang='lat' dir='ltr'><strong>tis</strong></span> <span class='ocrx_word' id='word_1_481' title='bbox 1572 3565 1827 3631; x_wconf 76' lang='lat' dir='ltr'><strong>fuit,quae</strong></span> <span class='ocrx_word' id='word_1_482' title='bbox 1848 3571 1952 3614; x_wconf 88' lang='lat' dir='ltr'><strong>tam</strong></span> <span class='ocrx_word' id='word_1_483' title='bbox 1979 3562 2069 3612; x_wconf 91' lang='lat' dir='ltr'><strong>diu</strong></span> <span class='ocrx_word' id='word_1_484' title='bbox 2101 3561 2196 3611; x_wconf 86' lang='lat' dir='ltr'><strong>sub</strong></span> <span class='ocrx_word' id='word_1_485' title='bbox 2222 3561 2435 3610; x_wconf 85' lang='lat' dir='ltr'><strong>Nerone</strong></span> <span class='ocrx_word' id='word_1_486' title='bbox 2469 3573 2555 3608; x_wconf 88' lang='lat' dir='ltr'><strong>ac·</strong></span> 
     </span>
     <span class='ocr_line' id='line_1_93' title="bbox 1485 3635 2556 3712; baseline -0.009 -18"><span class='ocrx_word' id='word_1_487' title='bbox 1485 3644 1777 3712; x_wconf 82' lang='lat' dir='ltr'><strong>quieverat.</strong></span> <span class='ocrx_word' id='word_1_488' title='bbox 1844 3638 2231 3692; x_wconf 84' lang='lat' dir='ltr'><strong>Removendum</strong></span> <span class='ocrx_word' id='word_1_489' title='bbox 2255 3637 2413 3701; x_wconf 82' lang='lat' dir='ltr'><strong>igitur</strong></span> <span class='ocrx_word' id='word_1_490' title='bbox 2433 3635 2556 3684; x_wconf 88' lang='lat' dir='ltr'><strong>hinc</strong></span> 
     </span>
     <span class='ocr_line' id='line_1_94' title="bbox 1486 3713 2556 3781; baseline -0.011 -8"><span class='ocrx_word' id='word_1_491' title='bbox 1486 3721 1618 3774; x_wconf 89' lang='lat' dir='ltr'><strong>illud</strong></span> <span class='ocrx_word' id='word_1_492' title='bbox 1635 3719 1933 3781; x_wconf 81' lang='lat' dir='ltr'><strong>credebatur,</strong></span> <span class='ocrx_word' id='word_1_493' title='bbox 1970 3725 2024 3767; x_wconf 89' lang='lat' dir='ltr'><strong>et</strong></span> <span class='ocrx_word' id='word_1_494' title='bbox 2059 3731 2177 3766; x_wconf 91' lang='lat' dir='ltr'><strong>cum</strong></span> <span class='ocrx_word' id='word_1_495' title='bbox 2216 3713 2556 3780; x_wconf 88' lang='lat' dir='ltr'><strong>sequentibus</strong></span> 
     </span>
     <span class='ocr_line' id='line_1_95' title="bbox 1477 3789 2571 3866; baseline -0.012 -14"><span class='ocrx_word' id='word_1_496' title='bbox 1477 3798 1831 3866; x_wconf 80' lang='lat' dir='ltr'><strong>jungendum.</strong></span> <span class='ocrx_word' id='word_1_497' title='bbox 1859 3793 2116 3862; x_wconf 87' lang='lat' dir='ltr'><strong>quomodo</strong></span> <span class='ocrx_word' id='word_1_498' title='bbox 2139 3808 2315 3843; x_wconf 89' lang='lat' dir='ltr'><strong>eorum</strong></span> <span class='ocrx_word' id='word_1_499' title='bbox 2339 3789 2560 3856; x_wconf 83' lang='lat' dir='ltr'><strong>expedi·</strong></span> <span class='ocrx_word' id='word_1_500' title='bbox 2566 3802 2571 3807; x_wconf 92' lang='grc'>’</span> 
     </span>
     <span class='ocr_line' id='line_1_96' title="bbox 1487 3864 2559 3935; baseline -0.012 -4"><span class='ocrx_word' id='word_1_501' title='bbox 1487 3880 1686 3931; x_wconf 66' lang='lat' dir='ltr'><strong>tissima</strong></span> <span class='ocrx_word' id='word_1_502' title='bbox 1729 3873 2011 3935; x_wconf 78' lang='lat' dir='ltr'><strong>sententia,</strong></span> <span class='ocrx_word' id='word_1_503' title='bbox 2066 3869 2336 3921; x_wconf 76' lang='lat' dir='ltr'><strong>verissima</strong></span> <span class='ocrx_word' id='word_1_504' title='bbox 2387 3864 2559 3918; x_wconf 82' lang='lat' dir='ltr'><strong>Taciti</strong></span> 
     </span>
     <span class='ocr_line' id='line_1_97' title="bbox 1486 3946 2559 4022; baseline -0.012 -14"><span class='ocrx_word' id='word_1_505' title='bbox 1486 3957 1749 4022; x_wconf 79' lang='lat' dir='ltr'><strong>scriptura</strong></span> <span class='ocrx_word' id='word_1_506' title='bbox 1761 3949 1988 4003; x_wconf 78' lang='lat' dir='ltr'><strong>conflet:</strong></span> <span class='ocrx_word' id='word_1_507' title='bbox 2021 3948 2139 3997; x_wconf 86' lang='lat' dir='ltr'><strong>Tum</strong></span> <span class='ocrx_word' id='word_1_508' title='bbox 2149 3946 2357 4011; x_wconf 77' lang='lat' dir='ltr'><strong>primum</strong></span> <span class='ocrx_word' id='word_1_509' title='bbox 2374 3959 2559 3995; x_wconf 86' lang='lat' dir='ltr'><strong>revoca-</strong></span> 
     </span>
    </p>

    <p class='ocr_par' dir='ltr' id='par_1_19' title="bbox 1483 4024 2561 4317">
     <span class='ocr_line' id='line_1_98' title="bbox 1485 4024 2559 4090; baseline -0.014 -4"><span class='ocrx_word' id='word_1_510' title='bbox 1485 4044 1539 4085; x_wconf 77' lang='lat' dir='ltr'><strong>ta</strong></span> <span class='ocrx_word' id='word_1_511' title='bbox 1556 4050 1609 4085; x_wconf 88' lang='lat' dir='ltr'><strong>ea</strong></span> <span class='ocrx_word' id='word_1_512' title='bbox 1629 4035 1729 4083; x_wconf 78' lang='lat' dir='ltr'><strong>lex.</strong></span> <span class='ocrx_word' id='word_1_513' title='bbox 1721 4050 1733 4063; x_wconf 95' lang='lat'><strong>·</strong></span> <span class='ocrx_word' id='word_1_514' title='bbox 1748 4029 2107 4090; x_wconf 80' lang='lat' dir='ltr'><strong>credebaturque</strong></span> <span class='ocrx_word' id='word_1_515' title='bbox 2123 4027 2248 4074; x_wconf 78' lang='lat' dir='ltr'><strong>haud</strong></span> <span class='ocrx_word' id='word_1_516' title='bbox 2255 4024 2453 4088; x_wconf 80' lang='lat' dir='ltr'><strong>perinde</strong></span> <span class='ocrx_word' id='word_1_517' title='bbox 2476 4039 2559 4073; x_wconf 78' lang='lat' dir='ltr'><strong>ex·</strong></span> 
     </span>
     <span class='ocr_line' id='line_1_99' title="bbox 1483 4099 2561 4178; baseline -0.017 -13"><span class='ocrx_word' id='word_1_518' title='bbox 1483 4114 1628 4164; x_wconf 70' lang='lat' dir='ltr'><strong>itiam</strong></span> <span class='ocrx_word' id='word_1_519' title='bbox 1650 4108 1880 4171; x_wconf 77' lang='lat' dir='ltr'><strong>Antistio,</strong></span> <span class='ocrx_word' id='word_1_520' title='bbox 1896 4121 2033 4171; x_wconf 79' lang='lat' dir='ltr'><strong>quam</strong></span> <span class='ocrx_word' id='word_1_521' title='bbox 2053 4100 2336 4178; x_wconf 74' lang='lat' dir='ltr'><strong>Imperatori</strong></span> <span class='ocrx_word' id='word_1_522' title='bbox 2351 4099 2561 4167; x_wconf 81' lang='lat' dir='ltr'><strong>gloriam</strong></span> 
     </span>
     <span class='ocr_line' id='line_1_100' title="bbox 1486 4175 2557 4254; baseline -0.013 -15"><span class='ocrx_word' id='word_1_523' title='bbox 1486 4203 1630 4254; x_wconf 75' lang='lat' dir='ltr'><strong>quaes</strong></span> <span class='ocrx_word' id='word_1_524' title='bbox 1632 4202 1740 4237; x_wconf 80' lang='lat' dir='ltr'><strong>sse.-</strong></span> <span class='ocrx_word' id='word_1_525' title='bbox 1764 4196 2075 4251; x_wconf 85' lang='lat' dir='ltr'><strong>quamquam</strong></span> <span class='ocrx_word' id='word_1_526' title='bbox 2102 4180 2202 4229; x_wconf 81' lang='lat' dir='ltr'><strong>hoc</strong></span> <span class='ocrx_word' id='word_1_527' title='bbox 2237 4175 2557 4244; x_wconf 83' lang='lat' dir='ltr'><strong>postremum</strong></span> 
     </span>
     <span class='ocr_line' id='line_1_101' title="bbox 1487 4255 2557 4317; baseline -0.011 -1"><span class='ocrx_word' id='word_1_528' title='bbox 1487 4267 1686 4317; x_wconf 78' lang='lat' dir='ltr'><strong>variam</strong></span> <span class='ocrx_word' id='word_1_529' title='bbox 1701 4261 1934 4313; x_wconf 88' lang='lat' dir='ltr'><strong>admittit</strong></span> <span class='ocrx_word' id='word_1_530' title='bbox 1948 4258 2313 4308; x_wconf 80' lang='lat' dir='ltr'><strong>mutationem.</strong></span> <span class='ocrx_word' id='word_1_531' title='bbox 2332 4255 2557 4306; x_wconf 90' lang='lat' dir='ltr'><strong>necdum</strong></span> 
     </span>
    </p>
   </div>
   <div class='ocr_carea' id='block_1_12' title="bbox 1490 4330 2559 4407">
    <p class='ocr_par' dir='ltr' id='par_1_20' title="bbox 1490 4330 2559 4407">
     <span class='ocr_line' id='line_1_102' title="bbox 1490 4330 2559 4407; baseline -0.013 -11"><span class='ocrx_word' id='word_1_532' title='bbox 1490 4341 1622 4395; x_wconf 84' lang='lat' dir='ltr'><strong>satis</strong></span> <span class='ocrx_word' id='word_1_533' title='bbox 1642 4338 1915 4407; x_wconf 79' lang='lat' dir='ltr'><strong>constitui,</strong></span> <span class='ocrx_word' id='word_1_534' title='bbox 1936 4335 2062 4404; x_wconf 81' lang='lat' dir='ltr'><strong>quid</strong></span> <span class='ocrx_word' id='word_1_535' title='bbox 2079 4333 2404 4404; x_wconf 77' lang='lat' dir='ltr'><strong>potissimum</strong></span> <span class='ocrx_word' id='word_1_536' title='bbox 2428 4330 2559 4384; x_wconf 87' lang='lat' dir='ltr'><strong>reci·</strong></span> 
     </span>
    </p>
   </div>
  </div>
 </body>
</html>
