3009 4942
781 410 932 462 mn.
975 408 1107 460 xv.
1149 410 1317 460 car.
1358 393 1467 461 23.
1513 384 1954 464 Amitinum.
2052 388 2057 393 ’

279 552 575 615 concessio3
606 552 706 605 lioc
720 556 1165 618 est,‘Deoernatnl¹
1185 571 1337 606 accu-

277 632 432 694 satio,
477 631 621 682 &cf
655 634 884 684 melaena.
966 635 1181 685 Frustra
1223 636 1336 685 baec

277 708 483 759 sirutata
512 710 674 761 voluit
692 711 787 760 Vir
809 711 1037 762 Doctlss.
1060 713 1338 762 decernatur

274 799 337 834 ne
368 791 584 835 meur.-
613 800 728 835 nam
750 801 867 853 quae
899 802 1020 838 mox
1050 795 1342 852 sequnntur

272 865 356 912 sed
377 863 734 929 mesom‚&c.
765 872 950 928 aperte
988 867 1167 916 volunt
1202 867 1334 916 hanc

272 948 590 1006 postremam
643 945 1068 995 consuetudinem
1118 945 1336 1009 aboleri,

271 1019 523 1082 priorem,
546 1020 613 1069 de
634 1020 964 1077 decernenda
988 1023 1338 1086 accusatione,

269 1097 518 1164 relinqui,
539 1112 640 1148 nou
673 1113 771 1163 per
796 1101 1174 1151 simulationem
1197 1100 1338 1152 facta

270 1175 627 1240 concessione,
664 1177 757 1226 sed
794 1177 947 1241 serio,
986 1184 1043 1227 ut
1086 1192 1150 1228 eo
1183 1178 1335 1228 modo

270 1250 619 1302 cohibeantur
647 1254 898 1323 „libidines
935 1255 1226 1319 provincias
1259 1271 1337 1305 re·

269 1331 527 1395 gentium.
590 1331 757 1382 Porro
802 1334 906 1383 ista
945 1333 1162 1399 phrasis,
1206 1332 1336 1385 &cf

271 1405 644 1456 Freinaemius.

311 1511 322 1519 -
336 1483 613 1534 Potentiam
632 1500 765 1534 suam
782 1485 871 1535 toli
891 1487 1047 1552 modo]
1109 1487 1227 1537 Non
1253 1492 1336 1537 est

268 1560 327 1611 in
367 1563 660 1626 exemplari
709 1563 867 1613 Matt.
913 1563 1141 1628 Corvini,
1185 1580 1334 1615 mom.

269 1636 572 1688 Rhenanus.

331 1715 468 1765 Laus
484 1717 616 1776 soleo
636 1716 684 1768 et
712 1717 927 1782 precibus
949 1732 1164 1782 expresso
1177 1719 1338 1783 perin-

261 1793 326 1842 de
342 1793 641 1858 cohibeatur]
689 1795 774 1846 Sic
811 1797 948 1860 lego,
967 1810 1070 1846 non
1092 1797 1335 1847 cohibean-

263 1876 365 1923 tur.
405 1872 690 1930 Acidalius.

330 1950 474 2000 Car.
487 1955 570 2003 22.
594 1951 873 2002 Consulibus
887 1968 943 2003 eu
964 1954 1022 2002 de
1042 1968 1094 2003 re
1114 1951 1337 2017 relatum]

262 2023 355 2075 Ad
373 2041 442 2077 ea
470 2027 776 2079 accuratiss.
802 2028 1042 2093 Lipsiusz
1075 2029 1172 2081 Jus
1211 2031 1338 2077 rela-

264 2102 430 2153 tionis
463 2104 585 2152 solis
608 2104 948 2167 Consulibus3
981 2119 1078 2155 nec
1114 2106 1223 2155 sine
1257 2120 1337 2155 re-

263 2180 470 2230 latione
493 2180 675 2244 perfici
710 2181 882 2246 potuit
913 2183 1071 2231 ullum
1095 2182 1335 2232 Senatus-

260 2258 581 2307 consultnm.
617 2257 796 2307 Scribe
811 2273 938 2322 ergo
955 2272 1071 2309 cnm
1090 2259 1332 2310 Heinsio:

263 2334 381 2384 Non
405 2339 563 2384 tomen
586 2334 1049 2385 :senatusconsultum
1063 2336 1226 2402 perfici
1253 2352 1335 2400 po-

262 2412 384 2467 tuit.
454 2413 574 2474 Nec,
606 2411 917 2463 abnuentibus
948 2412 1242 2476 Consulibus,
1279 2428 1334 2463 eo

261 2491 323 2541 de
345 2504 405 2540 re
426 2491 630 2539 relatum
646 2507 663 2540 .·
695 2491 730 2541 i.
754 2506 800 2541 e.
840 2504 955 2556 nec,
977 2489 1114 2556 quod
1141 2490 1336 2541 Consu·

261 2565 342 2615 les
366 2565 678 2629 abnuerent,
702 2582 765 2617 ea
782 2567 848 2618 de
872 2583 930 2618 re
949 2568 1186 2618 relatum.
1212 2568 1340 2619 Non·

263 2641 459 2693 dubito
480 2644 605 2708 quin
646 2645 779 2695 lianc
823 2645 938 2710 ejus
982 2645 1048 2696 de
1084 2646 1182 2696 boc
1214 2646 1333 2697 loco

258 2724 777 2789 sententiammagno
786 2724 1007 2776 adsensu
1022 2727 1336 2778 celebraturi

261 2799 378 2851 sint
400 2802 608 2851 eruditi.
671 2802 744 2852 Et
759 2802 956 2852 utinam
976 2803 1025 2852 ei
1055 2804 1193 2853 n'unc
1212 2802 1335 2854 fuis·

259 2886 388 2931 sent
429 2880 496 2931 ad
538 2895 765 2944 manum,
810 2897 927 2947 quae
972 2883 1193 2946 plurima
1234 2872 1336 2933 alia

260 2971 434 3022 eaque
470 2958 820 3022 pulcherrima
860 2966 1064 3009 notasse
1101 2960 1223 3010 olim
1268 2961 1333 3011 ad

259 3033 508 3084 Tacitum
531 3035 738 3099 scimus,
759 3036 822 3084 iis
847 3035 1131 3099 praesertim
1170 3038 1224 3087 in
1261 3039 1335 3088 lo-

261 3108 364 3172 cis,
389 3109 444 3159 in
466 3111 650 3176 quibus
689 3112 905 3161 aliorum
944 3111 1204 3177 ingenium
1243 3119 1334 3163 aut

262 3185 499 3237 eruditio
531 3187 784 3238 hactenus
822 3186 1038 3239 defecit.
1104 3190 1236 3241 Quae
1275 3195 1335 3239 ut

262 3258 547 3329 aliquando
599 3265 654 3314 in
693 3265 863 3313 lucem
906 3263 1017 3328 ipse
1062 3265 1334 3335 producat,

257 3339 406 3391 tanti
440 3340 731 3406 scriptoris,
757 3342 1019 3407 totiusque
1039 3342 1230 3393 eruditi
1254 3357 1333 3392 or-

262 3416 405 3467 dinis
457 3419 682 3484 nomine,
734 3416 1014 3471 identidem
1070 3419 1335 3483 privatim,

261 3504 407 3546 nnnc
447 3495 606 3544 etiam
650 3495 861 3559 publice
898 3509 1150 3561 rogamus.
1202 3496 1336 3547 Box-

260 3570 482 3621 hor-nius.

327 3636 561 3712 Agendos
577 3649 704 3714 opud
718 3648 947 3698 Senatum
964 3635 1353 3713 propretoribus‘

256 3725 670 3793 provecomtlibus
679 3725 868 3790 grates]
918 3727 1001 3777 De
1023 3727 1118 3775 bac
1144 3726 1354 3790 gratia·-

265 3818 388 3855 rum
427 3803 655 3870 actione,
697 3804 884 3869 jejuna
935 3804 1191 3871 quaedam,
1232 3803 1332 3854 hoc

263 3886 383 3936 loco
408 3883 693 3935 Marcellus
727 3885 1000 3947 Donatus;
1035 3891 1090 3934 at
1123 3885 1335 3935 meliora

264 3962 433 4016 multo
455 3968 665 4025 poterat
686 3976 752 4012 ex
791 3961 1102 4027 supellectili
1126 3962 1334 4013 Latino-

265 4051 384 4091 rum
424 4039 836 4104 Graecorumque
877 4048 1183 4102 auctorum;
1230 4040 1334 4090 imo

265 4118 352 4167 vel
387 4131 458 4167 ex
494 4116 644 4166 nudis
677 4115 1134 4182 Inscriptionibus.
1196 4117 1334 4167 Sane

267 4195 360 4261 qui
383 4193 706 4260 Epigraphas
729 4194 846 4244 illas
869 4199 1073 4244 veteres
1095 4193 1333 4258 negligit,

268 4287 389 4324 eum
408 4272 494 4323 vix
514 4271 826 4323 censendum
865 4271 1004 4322 iuter
1026 4271 1189 4322 solide
1214 4271 1335 4322 doc·

271 4352 372 4416 tos,
422 4349 590 4402 solide
641 4348 909 4415 ingenuos,
947 4349 1104 4415 juxta
1146 4361 1335 4402 censeo

2294 398 2473 466 m

1412 552 1532 606 cum
1565 557 1847 622 Scaligero,
1884 572 2000 607 cum
2036 556 2287 620 Velser03
2326 545 2476 624 quio-

1414 628 1537 698 quid
1561 635 1904 698 oggrunniant
1926 648 1956 685 e
1978 639 2119 684 terra
2139 635 2248 685 uati
2269 649 2474 701 suesne,

1414 725 1480 760 an
1498 711 1777 773 scarabae15
1813 718 2041 771 stercora
2062 718 2261 761 tantum
2287 727 2470 767 vorare

1412 788 1625 838 dociles.
1660 789 1919 839 Gruterus.

1479 867 1550 916 Et
1568 870 1697 915 motu
1717 871 1859 915 lerroe
1879 864 2077 930 celebre]
2110 863 2240 916 Dixi
2275 866 2340 916 ad
2369 867 2405 916 l.
2427 881 2475 931 1.,

1411 947 1491 993 68.
1515 942 1626 1009 (ubi
1645 942 1901 1008 prorupere
1933 958 2033 993 non
2063 958 2365 1008 prorumpere
2383 959 2477 997 vo*

1411 1021 1484 1070 lui
1521 1021 1575 1069 in
1598 1020 1768 1070 verbis
1790 1019 1998 1085 Curtii,)
2013 1020 2151 1084 apud
2182 1021 2313 1071 bene
2336 1022 2479 1087 Lata,

1410 1112 1501 1148 nos
1522 1104 1727 1164 semper
1741 1101 1988 1159 ποιητικῶς
2008 1097 2130 1164 poni
2151 1096 2211 1147 τὸ
2228 1114 2473 1163 proruere.

1410 1173 1616 1225 Auctor
1629 1174 1836 1240 quidem
1848 1174 2017 1225 AEtnae
2035 1176 2210 1239 vulgo,
2227 1189 2335 1224 ver.
2354 1178 2488 1241 3082·

1409 1252 1426 1279 ‘
1449 1266 1608 1317 rupes
1648 1252 1846 1318 aliquas
1883 1252 2185 1318 penitusque
2218 1267 2470 1303 cavernas

1411 1329 1701 1381 Proruere!
1765 1330 1867 1381 Sed
1889 1344 2004 1380 cum
2025 1330 2259 1393 Scaliger
2280 1329 2347 1379 ibi
2374 1338 2474 1387 tes·¹

1410 1413 1553 1458 tetur
1573 1413 1705 1458 vett.
1722 1406 1817 1459 lib.
1838 1406 2033 1458 habere
2051 1407 2332 1468 Francken,
2353 1421 2473 1458 cen·

1410 1500 1497 1538 seo
1522 1486 1869 1551 scribendum,
1886 1485 2157 1535 Procidere.
2211 1485 2471 1538 Quemad-

1408 1564 1617 1614 modum
1659 1570 1715 1614 et
1755 1562 1892 1628 apud
1928 1560 2194 1612 Valerium
2227 1563 2473 1612 Flaccum

1407 1644 1446 1693 1.
1470 1656 1571 1693 vn.
1593 1644 1708 1692 600.
1738 1643 1755 1670 ‘
1782 1640 1845 1690 Iu
1867 1646 2025 1705 caput
2054 1641 2211 1706 inque
2231 1641 2470 1690 humeros

1407 1722 1525 1787 ipsa
1559 1722 1606 1772 vi
1646 1722 1795 1772 molis
1833 1727 1889 1772 et
1925 1721 2016 1771 irae
2052 1719 2292 1770 Procidit
2314 1719 2348 1782 ς’
2381 1719 2475 1773 ubi

1408 1799 1585 1849 editur
1623 1799 1844 1850 Proruit.
1907 1798 2038 1849 Tale
2076 1797 2258 1848 vitium
2293 1803 2349 1847 et
2384 1795 2472 1846 hic

1408 1876 1641 1928 oblatum
1682 1877 1886 1940 Tacito,
1933 1877 2022 1942 qui
2071 1870 2369 1940 scripserat,
2402 1874 2473 1924 Ee

1408 1959 1561 2004 motus
1577 1959 1734 2004 terroe.
1769 1955 1845 2005 Ut
1868 1953 2065 2015 Livius,
2086 1953 2123 2001 l.
2143 1965 2283 2002 xxu.
2302 1952 2319 1978 ‘
2338 1952 2472 2001 Eum

1408 2036 1563 2081 terrae
1599 2037 1813 2093 motum,
1834 2030 1922 2095 qui
1956 2030 2232 2079 multarum
2270 2027 2473 2078 urbium

1408 2108 1580 2158 Italiae
1598 2122 1807 2172 magnas
1827 2113 2000 2171 partes
2016 2105 2316 2170 prostravit,
2332 2118 2474 2154 mon-

1410 2192 1490 2236 tes
1512 2183 1874 2250 lapsuingenti
1895 2182 2127 2249 proruit!
2156 2182 2338 2231 Senec.
2360 2186 2472 2237 nat.

1409 2279 1459 2328 q.
1503 2276 1583 2314 vl.
1629 2266 1676 2313 1.
1707 2263 1723 2291 ‘
1771 2261 1854 2311 bic
1908 2265 2079 2310 motus
2134 2256 2473 2322 Campaniam

1408 2353 1597 2403 magna
1616 2344 1790 2403 strage
1813 2336 2057 2387 vexavit!
2090 2334 2372 2385 Gronovius.

1475 2417 1610 2468 CAP-
1632 2420 1716 2471 23.
1748 2406 1897 2469 Locis
1913 2413 2162 2481 puerperio
2178 2412 2354 2463 colonio
2368 2411 2475 2463 An-

1407 2488 1532 2545 tium
1571 2494 1700 2558 fuit]
1762 2494 1928 2553 Abest
1976 2493 2030 2543 in
2070 2492 2231 2543 Mart.
2260 2487 2477 2543 Corvini

1408 2572 1693 2636 exemplari
1713 2567 2062 2632 verbumsuit,
2076 2567 2214 2634 quod
2232 2581 2328 2619 uos
2348 2581 2473 2630 quo-

1411 2664 1510 2715 que
1533 2647 1909 2713 dispunximus.
1932 2647 2206 2698 Rhenanus.
2238 2642 2472 2692 Verbum

1396 2725 1523 2791 ficit,
1541 2739 1608 2777 ex
1625 2727 1766 2778 Flor.
1791 2740 1853 2775 ac
1874 2724 2011 2775 Ven.
2033 2721 2343 2774 addidimus.
2383 2718 2477 2769 Pi-

1408 2805 1572 2855 cbeuo.
2248 2846 2253 2851 .

1471 2883 1589 2932 Jom
1606 2887 1795 2932 senatus
1814 2881 2004 2932 interim
2022 2884 2210 2930 uterum
2227 2870 2475 2942 Poppaeoe]

1407 2958 1731 3011 Adverbium
1752 2958 1947 3009 iuterim
1980 2956 2295 3008 sustulimus.
2345 2954 2472 3004 1³1oe-

1406 3053 1572 3089 nouus.

1470 3113 1652 3163 Atticae
1702 3109 1973 3175 religionis]
2038 3110 2214 3175 Lipsio
2255 3109 2472 3159 aliorum

1407 3196 1702 3242 commenta
1714 3190 1799 3241 hic
1821 3204 1923 3240 non
1949 3189 2178 3252 placent,
2214 3185 2336 3237 mihi
2373 3200 2472 3236 nec

1405 3269 1587 3333 ipsius.
1640 3268 1765 3318 Non
1786 3266 2005 3332 probare
2030 3279 2254 3330 possum,
2274 3261 2394 3329 quia
2415 3268 2475 3313 et

1409 3359 1492 3394 res
1511 3352 1566 3395 et
1589 3344 1785 3395 locutio
1808 3349 2007 3393 vetant.
2073 3343 2197 3392 Scil.
2251 3339 2472 3392 Tacitus

1406 3423 1655 3473 Actiacum
1675 3422 1914 3486 regionem
1936 3420 2153 3483 diceret,
2169 3434 2285 3469 cum
2308 3411 2472 3473 vellet

1405 3498 1558 3548 ludos
1585 3497 1826 3548 Actiacos
1848 3494 2082 3561 intelligi.
2147 3496 2218 3545 Et
2247 3494 2359 3560 quis
2393 3493 2471 3543 ita

1407 3576 1667 3641 loquatur,
1690 3576 1753 3623 ad
1767 3573 2005 3637 exemplar
2023 3571 2245 3635 regionis.
2307 3570 2473 3625 Dein.

1407 3651 1472 3701 de
1496 3665 1612 3717 quae
1634 3650 1769 3701 ratio
1803 3648 2155 3698 similitudinis
2187 3648 2327 3698 inter
2349 3662 2478 3711 cau<

1406 3744 1490 3780 sas
1514 3720 1683 3792 hujus,
1721 3733 1777 3777 et
1798 3726 1935 3776 illius
1958 3725 2024 3775 ab
2046 3722 2282 3789 Augusto
2305 3716 2479 3775 certa-⁶

1405 3806 1591 3857 minis?
1624 3804 1837 3856 Nullam
1859 3817 1957 3866 ego
1979 3808 2122 3851 certe
2146 3800 2315 3851 video.
2362 3799 2468 3851 Sed

1406 3883 1588 3933 melius
1624 3881 1692 3931 ad
1733 3882 1870 3931 bunc
1910 3879 2075 3949 locum
2119 3875 2304 3927 afferre
2344 3877 2470 3927 nihil

1406 3960 1520 4024 ipse
1545 3972 1771 4025 possum,
1789 3957 1884 4007 nisi
1905 3954 2044 4022 quod
2078 3955 2341 4005 Muretum
2378 3969 2470 4004 no·

1405 4045 1545 4088 tasse
1594 4034 1837 4086 memini:
1891 4032 2139 4084 Antilonoe
2184 4031 2433 4095 religionis
2450 4047 2469 4083 z

1406 4113 1545 4180 qnod
1570 4111 1688 4179 quia
1709 4126 1814 4162 non
1852 4110 2017 4176 capio,
2050 4124 2147 4159 nec
2170 4106 2337 4171 firmo,
2369 4122 2468 4158 nec

1405 4190 1609 4241 refello.
1655 4188 1916 4242 Acidalius.
1979 4188 2219 4238 Muretus
2241 4186 2470 4236 Antiana

1404 4269 1671 4333 religionis,
1711 4275 1772 4318 nt
1816 4280 1916 4318 vox
1953 4266 2020 4317 ab
2063 4265 2227 4317 Antio
2267 4263 2470 4315 colonia

1404 4348 1547 4403 dicta
1580 4345 1669 4415 sit.
1732 4346 1845 4412 Ego
1887 4343 2046 4397 nihil:
2083 4343 2175 4394 sed
2194 4340 2465 4394 moneoiii‘
