3009 4942
774 428 920 480 mu.
969 431 1142 483 xm.
1189 431 1350 481 cAr.
1393 414 1501 480 33.
1548 426 1985 482 AN'NALIUM.

270 577 375 628 dal.
461 576 572 627 Diu
615 582 699 627 est
752 577 890 641 quod
935 578 1052 627 veni
1097 576 1342 627 defensor

271 655 398 704 huic
418 654 653 717 lectioni,
677 669 812 705 nunc
849 654 1002 704 laetor
1026 661 1202 718 partes
1231 668 1352 702 eas‘

275 731 400 781 dem
433 744 640 787 mecum,
672 731 808 780 tueri
845 732 1227 796 sagacissimum
1252 730 1341 779 Pi-

272 808 512 858 chenam.
582 810 834 858 Gruterus.

347 889 480 941 CAP.
505 893 584 938 31.
635 889 720 938 Ex
747 889 987 950 dignitate
1020 887 1180 955 populi
1204 888 1341 936 Rom.

270 965 540 1030 repertum]
606 967 863 1028 Muretus,
890 971 1144 1031 repertum,
1181 965 1340 1018 delet.

275 1046 394 1107 Ego
416 1043 617 1094 dubito.
684 1043 871 1092 Acidal.

351 1119 643 1182 Quadrigeui
682 1118 884 1182 nummi]
950 1118 1015 1168 In
1058 1117 1342 1183 exemplari

271 1199 493 1263 scripto,
514 1196 866 1262 quadringenti.
923 1196 1155 1246 Rhenan.
1220 1195 1344 1245 Vul-

276 1290 368 1339 go,
383 1275 687 1339 quadrageni.
752 1273 955 1337 Lipsius
972 1272 1217 1334 restituit,
1232 1287 1343 1334 qua·

270 1353 503 1414 ‹Is-ingeni
519 1370 540 1412 ,-
590 1351 886 1401 Florentino
909 1365 970 1400 ac
990 1350 1202 1399 Veneto·
1229 1347 1342 1398 fere

274 1427 746 1490 consentientibus,
788 1428 876 1491 qui
917 1426 1112 1476 babent
1154 1426 1341 1489 quadri-

268 1505 407 1567 gari.
440 1505 685 1555 Pichena.
752 1504 934 1554 Altera
948 1518 1143 1553 summa
1162 1504 1340 1553 decem

272 1580 550 1646 Philippos
572 1583 654 1631 vel
676 1582 980 1668 ducatones,
997 1583 1164 1631 altera
1185 1596 1342 1632 unum

272 1657 426 1708 facit.
501 1660 710 1710 Gronov.
805 1702 812 1707 .

355 1711 569 1797 Vectigal
587 1751 765 1801 qnoque
795 1736 971 1800 quintoe
1004 1740 1052 1785 et
1086 1733 1344 1798 vicesimae]

275 1809 337 1840 ⁴*
348 1810 507 1860 Plura
529 1812 593 1860 ad
616 1813 712 1861 hoc
753 1812 996 1873 vectigal,
1029 1811 1083 1859 in
1123 1811 1342 1861 Excurs.

276 1887 344 1937 C.
367 1892 424 1936 et
446 1903 559 1952 quse
584 1887 650 1937 ad
664 1888 901 1938 Tacitum
925 1885 1142 1983 faciunt.
1185 1887 1342 1938 vide.

274 1963 492 2027 Lipsius.
706 1979 713 1986 ·

346 2040 448 2103 Aac
465 2047 741 2104 procurator
761 2042 813 2091 in
829 2041 1071 2106 prouincia
1090 2042 1345 2106 obtineret]

278 2117 624 2177 Restituimus
646 2118 833 2181 locum,
853 2118 937 2182 qui
956 2118 1245 2183 provinciam
1264 2118 1343 2168 ob-

273 2196 471 2249 tineret.
493 2246 504 2252 ,
539 2195 772 2244 Rhenan.

286 2322 300 2333 ,
350 2271 484 2322 ΟΑΡ.
522 2275 603 2322 82.
660 2272 855 2321 Factum
893 2271 946 2323 S.
991 2275 1050 2323 C.
1087 2272 1259 2324 ultioni
1297 2279 1346 2322 et

275 2348 554 2412 securitati]
617 2351 850 2399 Vocatur
869 2349 924 2399 id
958 2350 1009 2399 in
1042 2351 1165 2416 jure
1188 2351 1348 2413 civili,

277 2426 337 2477 S.
383 2427 445 2477 C.
489 2426 841 2497 E’isonianum.
938 2426 1095 2492 Cujus
1149 2428 1345 2478 Paulus

278 2503 536 2565 meminit,
556 2502 593 2553 l.
613 2516 735 2552 vm.
762 2504 832 2554 D.
853 2503 923 2553 de
952 2504 1037 2555 Sc.
1067 2504 1345 2555 Silaniano.

278 2581 516 2632 Alciatus.
682 2610 686 2617 ·

288 2675 328 2719 ,ι
347 2655 590 2711 Redditur
608 2661 767 2713 ordini
790 2662 966 2711 Lusius
993 2662 1181 2726 Varius]
1207 2663 1348 2712 Pla·

281 2740 447 2799 ceret,
485 2736 546 2785 L.
579 2737 767 2787 Varius.
835 2739 1009 2789 Ursin.
1092 2741 1351 2805 Muretus,

279 2813 341 2864 L.
372 2812 574 2865 Varius:
630 2813 836 2867 Acidal.
1281 2836 1290 2859 ι

348 2892 457 2948 Qui
493 2908 635 2942 ouans
672 2909 722 2942 se
764 2896 823 2945 de
845 2897 1118 2947 ·Britanm's
1159 2896 1348 2962 retulit]

280 2969 612 3020 Indefinitus
634 2986 821 3021 sermo.
908 2973 1131 3025 Quando
1175 2973 1349 3022 enim?

280 3046 550 3097 Sed-idem
573 3062 670 3097 nec
698 3048 1056 3100 Cornelianus,
1123 3050 1349 3099 Omnino

281 3123 441 3173 credo
462 3124 717 3191 scriptum
756 3123 935 3188 fuisse,
963 3133 1019 3175 et
1057 3126 1352 3189 legendum,

280 3215 419 3267 quem
455 3202 615 3253 ovasse
656 3203 714 3249 de
750 3201 1007 3251 Britannis
1048 3202 1208 3252 retuli.
1286 3201 1348 3252 Id

280 3285 457 3327 tamen
503 3292 604 3343 quo
644 3278 795 3341 libro,
836 3294 938 3329 non
983 3280 1209 3343 memini,
1252 3293 1350 3329 nec

284 3362 367 3405 sat
404 3357 533 3416 scio,
559 3356 715 3404 tin-in
755 3357 832 3405 uis
868 3358 955 3422 qui
991 3364 1218 3426 exstant.
1283 3357 1350 3407 In

267 3432 390 3480 mita
413 3432 676 3496 Agricolae
700 3434 933 3483 meminit
954 3435 1164 3499 quidem
1200 3435 1352 3484 Plau-

283 3508 363 3572 tii,
387 3509 482 3559 sod
504 3523 606 3558 non
632 3511 915 3560 ovationis:
951 3511 967 3539 ‘
993 3512 1350 3561 Consularium

282 3585 478 3650 primus
523 3585 969 3640 nutummauuus
1023 3590 1350 3652 praepositus,

280 3663 595 3728 (Britanniae
627 3661 724 3727 sc.)
758 3678 818 3713 ac
857 3665 1074 3714 subinde
1109 3666 1349 3716 Ostorius

284 3741 529 3804 Scapula,
586 3749 805 3807 uterque
875 3740 1066 3790 bello
1061 3740 1362 3805 egregia-1:n

223 3862 224 3865 ,
282 3816 1349 3882 Acidal-Quas1nonvirgu.(3eorg.1v.

282 3892 299 3921 ‘
297 3890 475 3942 fessae
515 3893 679 3941 multa
712 3892 944 3942 referunt
978 3907 1031 3942 se
1072 3900 1228 3945 nocte
1261 3894 1352 3943 mi-

283 3968 474 4019 nores!
541 3970 612 4018 Et
626 3969 829 4018 AEueid.
855 3984 952 4021 vn.
980 3970 996 3998 ‘
1015 3972 1156 4021 Ecce
1180 3978 1352 4022 antem

284 4045 513 4097 Inachiis
536 4061 648 4096 sese
671 4046 931 4113 referebat
948 4048 1015 4098 ab
1035 4048 1188 4112 Argis
1204 4050 1354 4098 Saeva

284 4124 434 4177 Jovis
473 4124 696 4188 conjux?
787 4125 1035 4174 Horatius
1073 4127 1183 4176 Sat.
1223 4140 1263 4177 1.
1304 4130 1355 4177 6.

286 4203 303 4229 ‘
324 4200 448 4251 inde
472 4201 682 4252 domuin
701 4217 783 4251 me
820 4202 904 4251 Au
930 4204 1068 4267 porri
1088 4212 1143 4254 et
1167 4205 1354 4254 ciceris

290 4270 470 4329 refero
485 4278 763 4344 laganique
784 4280 1051 4330 catinum!
1083 4302 1094 4347 ς
1120 4282 1331 4332 Gronov.

310 4388 332 4406 .,
352 4354 427 4405 Ac
446 4353 795 4428 superstitionis
813 4362 1025 4425 externa»
1045 4359 1152 4423 rea]
1197 4360 1355 4412 Forte

2303 417 2493 484 4035-

1416 576 1755 626 Christianam
1780 577 2027 641 pietatem
2051 576 2295 642 intelligit
2317 595 2329 628 ε
2358 578 2475 628 nam

1415 661 1636 717 apparet
1689 661 1923 702 sanctam
1991 654 2259 703 mulierem
2314 653 2493 704 fnisse.

1415 731 1756 795 Pomponiam
1788 731 2100 789 Graeciuam.
2164 731 2375 783 Tacitus
2406 734 2479 782 lo-

1415 810 1590 874 quitur
1611 816 1670 858 ut
1693 808 1943 858 ethnicus.
2012 810 2226 859 Rhem.

1480 886 1719 935 Insontem
1757 885 2109 949 pronuntiavit]
2168 887 2252 936 Ita
2302 888 2479 950 legen-

1417 964 1538 1026 dum
1561 971 1621 1014 ut
1643 967 1695 1014 in
1721 967 1785 1014 V.
1812 965 1870 1014 C.
1905 979 2007 1014 non
2046 974 2106 1015 ut
2147 967 2325 1030 vulgo,
2361 982 2479 1015 nun-

1416 1042 1576 1091 tiuoit.
1628 1042 1799 1092 Ursin.
1867 1041 1974 1091 Cur
1995 1055 2096 1090 non
2115 1042 2438 1105 pronuntiavit
2454 1038 2494 1092 3«.

1419 1120 1482 1169 ld
1543 1133 1751 1183 repone.
1840 1119 2055 1169 Notavit
2110 1123 2166 1169 et
2221 1119 2477 1169 Muretus.

1414 1195 1606 1246 Acidal.

1484 1273 1724 1324 Gontiana
1743 1273 1948 1323 tristitia
1961 1271 2090 1339 fuit]
2122 1273 2400 1337 Perspicua
2422 1280 2478 1324 et

1414 1349 1710 1400 indubitata
1743 1350 1918 1401 lectio.
1982 1352 2174 1401 Mirum
2213 1358 2403 1415 tamen,
2426 1352 2485 1401 ni

1415 1427 1649 1490 Tacitus,
1685 1427 1902 1477 continua
1951 1428 2181 1492 tristitie,
2222 1430 2477 1495 scripsit:

1417 1511 1475 1554 ut
1499 1505 1535 1552 l.
1558 1519 1635 1554 vr.
1669 1506 1684 1534 ‘
1712 1504 1869 1554 Haud
1890 1506 2050 1555 multo
2073 1511 2194 1570 post
2225 1504 2478 1556 Cocceius

1416 1583 1597 1632 Nerva
1612 1583 1884 1633 continuus
1910 1584 2194 1646 principis,'
2212 1587 2312 1638 ὅτε,
2375 1584 2480 1634 Sed

1417 1674 1518 1709 non
1575 1660 1741 1709 minus
1784 1660 1992 1723 elegans
2045 1661 2177 1710 illud
2222 1662 2477 1712 alterum:

1419 1737 1676 1801 quomodo
1716 1737 1871 1786 etiam
1915 1736 2005 1786 lib.
2042 1751 2119 1786 v1.
2159 1737 2359 1792 eodem.
2380 1746 2479 1799 est,

1418 1812 1564 1877 ‘Ipsi
1586 1811 1777 1862 fluxam
1799 1813 1941 1863 senio
1961 1820 2206 1876 mentem,
2246 1822 2299 1865 et
2319 1816 2483 1866 eonti-

1418 1906 1521 1940 nuo
1561 1889 1824 1950 abscessu,
1852 1891 1997 1941 velut
2036 1892 2268 1941 exsilium
2309 1892 2507 1959 objec-r

1419 1967 1615 2019 tando!
1681 1969 1868 2018 Acidal.

1484 2047 1584 2094 Per
1603 2045 1954 2108 quatuordecim
1969 2045 2137 2109 annos]
2170 2046 2252 2096 Ita
2273 2046 2479 2111 Lipsius

1419 2137 1486 2170 ex
1521 2121 1733 2171 historia
1755 2123 1994 2172 correxit.
2059 2123 2210 2172 Falso
2234 2123 2353 2173 libri
2376 2138 2487 2173 om·

1419 2210 1530 2261 nes,
1543 2198 1888 2262 quadraginta:
1906 2198 2153 2249 Pichena.
2212 2200 2483 2249 Probabili

1419 2275 1694 2326 admodum
1732 2276 2032 2340 conjectura
2068 2277 2306 2326 rescribit
2330 2276 2484 2326 Criti-

1420 2368 1599 2404 corum
1644 2352 1858 2418 primus,
1911 2355 2257 2416 quatuordecim
2307 2369 2484 2405 annos:

1419 2431 1525 2482 Sed
1562 2444 1680 2480 cum
1719 2431 1923 2481 minime
1961 2431 2237 2482 adseveret
2268 2432 2483 2483 Tacitus

1421 2508 1663 2558 feminam
1717 2508 1867 2558 istam
1916 2508 2053 2557 diem
2095 2523 2242 2558 suum
2296 2508 2483 2559 obiisse

1424 2599 1577 2649 anno,
1634 2591 1832 2650 quaet
1873 2592 2112 2634 accusata
2152 2590 2208 2634 et
2246 2586 2484 2635 absoluta

1424 2668 1541 2722 est3
1591 2668 1649 2711 et
1681 2661 1886 2710 interim
1912 2660 2106 2710 tribuat
2142 2660 2243 2725 ipsi
2276 2662 2501 2726 longum'z
2532 2672 2537 2679 ·

1425 2753 1628 2801 aevum;
1677 2739 1853 2788 nescio
1875 2752 1941 2788 an
1978 2739 2328 2808 emendationi
2364 2738 2485 2788 huic

1413 2818 1561 2882 justa
1580 2816 1750 2881 aliqua
1772 2816 1893 2865 insit
1917 2817 2215 2867 auctoritas.
2283 2816 2484 2869 Gruter.

1441 2932 1444 2937 .
1491 2893 1625 2959 Car.
1669 2897 1751 2943 83.
1822 2893 1949 2950 Quia
1989 2890 2235 2942 absolvere·
2266 2895 2488 2958 nequibat

1429 2974 1609 3034 Cesar,
1629 2970 1785 3020 traxit
1804 2970 2085 3020 senteutiam
2116 2972 2258 3020 donec
2288 2976 2486 3021 mortem

1425 3048 1600 3111 abiut]
1666 3047 1749 3097 Ita
1786 3046 2015 3097 Faernus
2056 3048 2305 3111 legebat.·
2349 3048 2507 3098 Nam.

1426 3125 1572 3187 illud,
1608 3130 1807 3190 senecta,
1847 3124 1983 3189 quod
2027 3132 2106 3175 est
2145 3126 2198 3175 in
2245 3126 2485 3188 vulgatis,

1426 3203 1722 3253 mendosum
1744 3202 1951 3252 videtur
1973 3210 2027 3253 et
2049 3204 2158 3252 sine
2177 3200 2509 3254 sensu.Ur-1

1422 3279 1572 3329 sinus.

1491 3354 1675 3404 Insonti
1702 3355 1959 3419 periculum
1984 3354 2236 3418 fecissent]
2301 3356 2487 3406 Latine

1427 3431 1529 3482 dici
1554 3432 1719 3491 facere
1732 3432 1994 3496 periculum
2008 3431 2170 3494 micui,-
2193 3447 2306 3495 pro,
2324 3431 2484 3480 addu-

1428 3523 1548 3558 cere
1579 3508 1631 3556 in
1655 3508 1959 3572 periculum,
1976 3508 2170 3559 indicat
2191 3509 2332 3559 locus
2357 3509 2490 3561 alter

1428 3587 1465 3636 l.
1503 3597 1621 3635 xv1.
1657 3588 1672 3614 ‘
1700 3585 1973 3650 Fregitque
1996 3586 2259 3648 annulum,
2280 3600 2347 3636 ne
2366 3578 2509 3634 ‘mox-

1427 3664 1542 3712 usui
1564 3669 1700 3712 esset
1721 3662 1786 3712 ad
1813 3660 2050 3713 facienda
2084 3662 2351 3726 pericula.’
2418 3661 2491 3711 A·

1428 3740 1587 3806 linqui
1609 3739 1894 3789 maluissem
1922 3739 2008 3789 hic
2045 3740 2241 3803 legere,
2266 3737 2491 3799 facessis-

1425 3822 1531 3867 sent
1563 3817 1788 3882 pericula,
1813 3830 1841 3865 a
1865 3815 2053 3876 facesso
2075 3816 2268 3867 verbo:
2315 3829 2507 3880 quem-.
2578 3844 2588 3851 .

1428 3895 1700 3944 admodum
1737 3894 1828 3945 lib.
1847 3908 1887 3945 1.
1923 3895 2147 3960 loquitur
2169 3896 2235 3944 de
2259 3896 2515 3945 Romano'

1428 3975 1700 4038 Hispone:
1758 3974 1773 4002 ‘
1797 3987 1915 4023 mox
1970 3973 2250 4025 clarissimo
2304 3976 2517 4038 cuicjoe·
2576 3980 2581 3984 ’

1430 4049 1714 4113 periculum
1746 4047 1989 4098 facessit!
2028 4066 2031 4071 ·
2066 4050 2201 4099 Item
2240 4050 2381 4101 Hist.
2410 4058 2492 4101 Ἰν.

1430 4129 1446 4155 ‘
1472 4127 1558 4192 qui
1581 4125 1796 4190 perinde
1829 4125 1973 4174 dives
1996 4141 2057 4175 ac
2079 4127 2377 4191 eloquentia
2392 4125 2495 4176 cla·

1430 4219 1536 4268 rus,
1554 4204 1678 4253 nulli
1702 4217 1921 4268 unquam
1946 4205 2045 4252 sub
2066 4204 2498 4268 Neronepericu-

1430 4282 1533 4330 lum
1564 4280 1895 4331 secessisset?
1958 4281 2100 4335 Quin
2124 4291 2338 4344 usurpat
2355 4297 2515 4346 pecu--

1428 4358 1524 4407 nice
1559 4359 1819 4424 periculum
1849 4357 2035 4423 facere,
2090 4373 2211 4423 pro,
2230 4358 2511 4422 jacturam,
