3009 4942
769 382 921 432 ms.
966 380 1080 431 111.
1126 344 1308 433 cars
1333 367 1447 435 41.
1486 380 2046 438 msa-ommuni.

316 530 414 587 pat
431 521 524 574 lib.
546 536 660 590 seq.
679 522 746 574 de
768 525 1103 576 Domitiano:
1138 530 1157 555 ‘
1182 524 1384 576 Crebra

303 600 417 650 oris
438 598 672 652 confusio
693 616 788 666 pro
809 604 1062 654 modestia
1095 603 1202 653 acci
1210 603 1383 666 piebe-

313 678 439 730 tur-⁹
496 680 671 732 Livius
704 682 798 734 lib.
836 697 879 733 1.
925 683 1044 733 dec.
1079 689 1132 733 5.
1177 685 1193 712 ‘
1217 682 1381 734 Paulo

311 762 437 827 post
456 757 615 810 rediit
634 758 849 810 confuso
869 760 1055 811 vultu?
1122 760 1274 809 Ideni.

385 834 480 884 Tot
504 835 800 886 Germanice
817 837 1045 901 legiones]
1086 837 1219 888 Haec
1244 836 1383 886 clau·

313 911 430 960 sula
450 925 551 962 non
573 919 657 963 est
678 913 732 962 in
755 914 890 965 libro
913 914 1020 964 Ms.
1088 915 1239 965 Ideni.

383 987 630 1053 Principis
651 991 831 1040 labores
868 1008 894 1042 e
933 992 1143 1042 coavivio
1168 1006 1382 1056 prospec-

311 1064 470 1128 tante]
503 1066 942 1118 Laboremortem
962 1076 1138 1120 vocat.
1162 1069 1382 1119 Rhenum

379 1142 520 1193 CAP.
574 1148 659 1195 89.
726 1145 974 1195 Moturum
1030 1144 1381 1208 poenitentiam]

291 1218 567 1282 ·Reposni‚
586 1226 824 1272 maturam
833 1223 1090 1287 perniciem
1104 1240 1120 1272 ε
1143 1221 1383 1286 subaudi,

313 1293 410 1358 ipsi
438 1295 634 1346 Vitellio
652 1297 868 1361 afferret.
932 1299 1099 1349 Idem.

388 1370 574 1422 Veneno
586 1374 825 1438 εωωωΐ]
860 1375 1002 1439 Ergo
1024 1376 1124 1424 huc
1145 1372 1384 1436 referam,

291 1448 367 1497 ‘in
390 1448 600 1499 silentio
615 1449 983 1516 interpretum,
1002 1451 1236 1501 Suetonii
1267 1451 1382 1500 haec

313 1523 386 1572 de
408 1525 641 1587 Vitellio,
663 1529 839 1591 capite
876 1541 992 1578 xiv.
1022 1528 1039 1555 ‘
1064 1528 1279 1578 Nobiles
1309 1528 1383 1576 vi·

313 1613 418 1663 ros,
439 1602 821 1666 condiscipulos
859 1620 996 1668 suos,
1033 1611 1235 1655 tantum
1279 1617 1382 1653 non

269 1730 274 1733 .
313 1678 378 1728 ad
414 1680 720 1730 societatem
744 1683 958 1746 Imperii
979 1683 1218 1733 omnibus
1241 1681 1383 1732 blan·

313 1755 456 1805 ditiis
480 1755 819 1819 allicefactos,
842 1758 988 1808 vario
1020 1772 1207 1822 genere
1242 1756 1381 1807 frau-

313 1832 394 1881 dis
442 1833 666 1883 occidit:
719 1835 877 1884 etiam
947 1850 1101 1884 unum
1163 1848 1382 1896 veneno,

289 1925 470 1960 ‘manu
510 1926 602 1960 sua
637 1900 883 1975 porrecto
915 1913 965 1962 in
1000 1900 1380 1976 aquae'frigi'dae

310 1989 564 2052 potione.'
607 1989 799 2038 Priora
821 1990 1139 2040 Dolabellam
1164 1995 1381 2048 notant3

314 2065 428 2113 lraec
476 2065 541 2114 de
601 2080 823 2129 veneno,
873 2068 1089 2119 sunium
1136 2066 1378 2115 Blaesum.

313 2140 526 2204 Lipsius.

382 2217 549 2268 Nobili
566 2218 768 2282 gaudio]
820 2217 1036 2283 Nescio,
1074 2232 1157 2282 an,
1188 2215 1383 2267 notabili

309 2297 506 2358 gaudio.
572 2295 740 2346 Idem.

384 2371 548 2421 Nobili
565 2371 745 2434 gaudio
777 2372 988 2421 Bloesum
1018 2371 1255 2434 vieoendo]
1289 2372 1383 2421 Fe-

315 2447 395 2498 cit
432 2455 491 2497 ut
509 2449 813 2498 crederetur
835 2448 1061 2510 facilius,
1084 2449 1221 2514 qnod
1245 2448 1382 2497 Blae-

290 2539 427 2575 ·sum
450 2525 570 2574 visit
594 2525 780 2588 gaudio
819 2526 997 2586 nobili,
1021 2526 1074 2574 id
1106 2532 1205 2586 est,
1244 2524 1382 2574 Emi-

314 2608 497 2662 nente‚
519 2602 727 2665 illustri,
763 2602 1062 2654 manifesto.
1113 2604 1381 2654 Ferrettus.

315 2677 587 2740 Placeret,
608 2680 805 2728 notabili
833 2682 1027 2743 gaudio,
1060 2687 1116 2729 et
1149 2681 1219 2729 ita
1242 2681 1382 2744 lege·

316 2755 411 2804 bat
435 2755 682 2806 Faernus.
756 2758 976 2806 Ursinus.

388 2834 495 2889 Qua
532 2835 670 2897 (ipsa
710 2835 836 2884 enum
874 2834 1017 2884 verba
1049 2833 1285 2896 referam)
1331 2848 1383 2882 se

313 2910 498 2974 pavisse
542 2910 719 2973 oculos]
788 2911 1002 2961 Modica
1041 2911 1380 2985 transpositio

309 2996 399 3037 est
441 2988 493 3036 in
515 2989 655 3038 Flor.
704 2990 825 3045 Quoe
844 3003 895 3037 se
925 2990 1066 3052 (ipsa
1094 2988 1220 3037 enim
1242 2988 1381 3036 verba

313 3063 557 3128 reseram)
591 3066 799 3129 pavisse,
821 3069 902 3128 &a
941 3064 1193 3114 Picheua.
1260 3064 1379 3113 Hoc

315 3155 418 3190 non
443 3142 509 3192 de
541 3141 717 3191 Blaeso
756 3139 1034 3191 interfecto
1069 3140 1259 3191 dixisse
1295 3140 1382 3189 Vi-

313 3217 518 3268 tellium
552 3219 766 3268 Sueton.
802 3219 895 3281 ait,
916 3218 1007 3267 sed
1041 3217 1295 3284 quendam
1327 3218 1380 3266 in

314 3293 434 3358 ipsa
470 3295 780 3345 salutatione
819 3295 1073 3360 supplicio
1114 3294 1380 3355 traditum,

311 3371 595 3437 statimque
616 3380 912 3422 revocatum
931 3373 1134 3423 cunctis
1157 3373 1379 3421 clemen-

315 3446 446 3496 tiam
480 3447 812 3497 laudantibus
834 3463 1006 3498 coram
1032 3448 1259 3499 interfici
1272 3448 1381 3512 jus-

283 3552 289 3557 ·
313 3524 465 3584 sisse,
490 3526 623 3576 velle
643 3541 699 3576 se
720 3525 1035 3592 (dicentem)
1058 3528 1233 3578 oculos
1268 3542 1381 3591 pas-

277 3637 281 3640 <
316 3615 459 3651 cere.
529 3602 737 3654 Calena.

392 3678 460 3726 Ut
474 3693 646 3741 parum
665 3678 899 3744 abfuerit]
956 3681 1089 3743 Nos,
1127 3685 1181 3730 ut
1211 3696 1382 3744 parum

315 3751 569 3818 effingeret,
591 3770 668 3819 ne,
684 3758 766 3817 isc.
836 3758 1126 3807 Rhenanus.

283 3870 289 3875 .
384 3832 519 3882 CAP.
542 3837 622 3882 40.
660 3835 937 3884 Per-uicibus
968 3838 1154 3886 ’nunciis
1177 3838 1380 3901 accepit]

287 3908 348 3953 ‚⁴⁵
385 3909 570 3959 dehinc
624 3911 860 3961 vehicula
905 3912 1175 3976 disposuit.
1247 3915 1381 3964 Nam

285 4014 296 4019 ·
313 3986 422 4038 fnit
444 3988 564 4037 olim
588 4004 764 4040 cursus
789 3993 1024 4054 publicus
1060 3994 1382 4056 vehicularis,

317 4071 380 4114 ut
401 4079 468 4114 ex
491 4066 774 4116 Justiniani
799 4069 928 4120 Cod.
966 4077 1114 4133 patet
1153 4073 1205 4120 in
1247 4082 1380 4123 trac·

315 4146 437 4192 tatu
473 4141 539 4191 de
582 4158 737 4193 cursu
792 4146 1019 4210 publico,
1057 4155 1214 4212 atque
1261 4150 1381 4198 Plu·

315 4220 482 4273 tarch.
498 4220 553 4269 in
577 4221 732 4272 Galb.
757 4223 984 4287 Capitol.
1011 4226 1064 4274 in
1088 4227 1383 4276 Maximinis

318 4294 556 4351 duobus:
609 4298 624 4325 ‘
649 4298 769 4350 Jam
809 4302 1031 4364 primum
1069 4304 1111 4352 is
1156 4304 1383 4368 nuntius,

222 4405 236 4420 .
283 4372 422 4428 -&c'.
453 4370 606 4426 tanto
627 4376 826 4442 impetu
845 4378 1056 4433 mutatis
1080 4381 1383 4430 animalibus

2342 373 2519 442 4255

1456 527 1708 592 cucurrit,
1725 534 1786 580 ut
1818 521 2005 594 quarto
2025 528 2112 583 die
2133 527 2346 582 Romam
2365 538 2519 582 vene·

1456 602 1563 652 rit!
1630 604 1785 654 Hanc
1835 618 2085 669 equorum
2126 606 2518 658 cursitatiouem

1456 676 1636 729 Persae
1675 680 1969 744 Angoreiam
2005 690 2215 732 vocant.
2284 683 2520 737 Cursori·

1455 757 1553 807 bus
1575 772 1781 822 quoqne
1798 757 1898 821 usi,
1919 761 2018 808 διο.
2042 760 2071 788 ¹*
2094 756 2335 823 Lupum.

1521 835 1657 885 CAP.
1680 839 1762 885 41.
1798 828 1876 885 Ne
1906 836 1958 884 in
1989 840 2124 886 tanto
2144 837 2330 901 quidem
2349 837 2519 888 discri-

1453 911 1605 974 mine]
1625 912 1691 960 In
1711 912 1801 962 lib.
1824 913 1925 963 Ms.
1946 927 2005 962 ne
2021 913 2074 962 in
2095 919 2229 963 tanto
2248 913 2523 966 dise-’imin

1454 988 1657 1051 quidem.
1711 989 1848 1040 Item
1892 1005 1983 1053 quo
2016 991 2172 1041 minus
2212 989 2408 1041 illicitas
2443 1002 2521 1042 ra-

1451 1076 1564 1127 pere
1583 1065 1859 1129 voluptates.
1915 1065 2041 1128 Alii,
2061 1083 2149 1130 quo
2170 1068 2324 1116 mim
2352 1078 2519 1131 rapere

1452 1141 1668 1204 illicitas,
1689 1145 1772 1205 ᾅτ.
1828 1142 2124 1193 Rhenanus.
2146 1144 2342 1195 Mutet.
2375 1159 2435 1194 ne
2466 1145 2520 1194 iu

1454 1223 1589 1267 tanto
1631 1220 1817 1282 quidem
1870 1220 2013 1269 discr.
2092 1221 2256 1273 Quasi
2298 1221 2518 1271 multum

1455 1295 1680 1345 intersit.
1746 1295 2009 1345 Acidaliae.

1520 1372 1663 1434 Apud
1702 1371 1866 1420 avidos
1896 1368 2234 1434 periculorum]
2289 1371 2519 1422 Faernus
2540 1409 2561 1417 „

1455 1446 1785 1506 emendabat,
1806 1451 1931 1510 apud
1957 1447 2157 1511 pavidos
2176 1447 2326 1511 peric.
2372 1450 2520 1500 Ursi-

1456 1536 1570 1574 nus,
1656 1526 1777 1574 Non
1823 1523 2047 1573 absurde
2088 1524 2318 1575 Fae‘rnus
2364 1526 2518 1576 litera

1459 1599 1694 1664 amplius,
1718 1600 1810 1650 sed
1844 1608 2028 1652 contra
2048 1607 2276 1669 mentem
2298 1604 2520 1667 scripto·

1457 1679 1546 1728 ris.
1611 1680 1711 1729 His
1754 1680 1890 1729 enim
1936 1681 2126 1730 similes
2166 1681 2521 1746 depinguntur

1455 1754 1603 1803 nobis
1625 1753 1763 1806 Anu.
1787 1770 1825 1805 1.
1853 1760 1931 1806 14.
1990 1758 2037 1806 N
2045 1772 2106 1807 ec
2129 1758 2281 1807 alieni
2302 1773 2518 1824 quorum

1456 1832 1692 1882 meminit
1719 1834 1860 1883 Hist.
1886 1848 1971 1891 ιιι,
2002 1840 2083 1884 26.
2117 1837 2133 1864 ⁴
2157 1837 2411 1885 Terrebat
2443 1836 2520 1900 ip·

1457 1923 1629 1956 sorum
1653 1910 1800 1958 miles
1824 1910 2040 1973 periculi
2061 1926 2216 1975 quam
2249 1928 2405 1962 morae
2431 1927 2520 1976 pa-

1457 1984 1704 2036 tientior!
1773 1990 2028 2037 Gruterus.

1524 2063 1729 2112 Decoris
1769 2065 1976 2127 securos]
2034 2065 2180 2112 Bono
2224 2078 2406 2114 sensu:
2467 2066 2521 2115 in

1456 2138 1754 2189 Florentino
1787 2147 1979 2201 tamen,
2013 2139 2267 2204 dedecoris,
2298 2140 2521 2192 fortasse

1454 2212 1512 2264 e't
1534 2217 1766 2266 meliore.
1830 2216 2041 2280 LipsiuS.
2384 2280 2389 2285 .

1520 2294 1784 2343 Dedecoris
1824 2297 2031 2360 securos]
2108 2295 2302 2359 Castig.
2343 2296 2523 2346 decoris

1453 2384 1544 2418 sec.
1615 2371 1744 2419 Sunt
1779 2378 1951 2420 autem
1997 2373 2179 2421 decoris
2220 2375 2388 2434 securi,
2431 2375 2520 2439 qui

1455 2447 1646 2495 nullam
1670 2448 1869 2498 honesti
1892 2464 2068 2498 curam
2091 2450 2300 2501 habent.
2334 2452 2524 2502 Rhena-

1453 2538 1558 2572 nus.
1604 2523 1667 2572 Id
1692 2533 1789 2586 est,
1815 2525 2004 2575 Omnia
2027 2535 2239 2589 agentes
2262 2528 2373 2577 sine
2393 2542 2520 2578 cura

1455 2601 1650 2663 decori,
1672 2608 1726 2651 et
1761 2603 1979 2652 honesti.
2017 2604 2282 2653 Ferratus.
2352 2606 2520 2655 Miror

1454 2692 1547 2726 cur
1603 2679 1655 2726 in
1712 2689 1938 2728 mentem
1991 2681 2192 2730 veuerit
2248 2682 2520 2747 Rhenano,
2604 2740 2613 2747 ο

1453 2755 1586 2804 hanc
1636 2756 1911 2806 lectionem
1976 2772 2231 2807 consensu
2281 2766 2519 2808 veterum

1455 2834 1851 2896 exemplarium,
1889 2849 1949 2884 ac
1989 2836 2274 2899 praesertim
2313 2837 2521 2886 Floren-

1456 2911 1552 2959 tini
1592 2910 1967 2979 confirmatam,
2007 2922 2226 2964 mutare.
2306 2914 2517 2979 Aliquid

1455 2988 1622 3037 simile
1651 3004 1825 3051 supra,
1848 2989 2105 3039 Antonius
2144 2991 2397 3055 ignaviam
2428 2991 2523 3041 mi·

1455 3063 1632 3112 litibus
1673 3065 1773 3113 suis
1819 3069 2136 3128 exprobrans
2182 3070 2288 3117 ait:
2338 3070 2355 3096 ‘
2379 3067 2522 3132 igno-

1452 3139 1664 3188 miniam
1723 3143 2152 3206 consumpsistis!
2272 3143 2522 3207 Apuleius

1454 3217 1673 3267 Metam.
1712 3219 1749 3266 l.
1793 3232 1832 3269 1.
1870 3220 1885 3246 ‘
1913 3221 2119 3269 Rubore
2164 3219 2416 3285 digestoz'
2464 3227 2522 3272 et

1455 3294 1489 3342 1.
1518 3307 1577 3341 ιι.
1617 3302 1673 3343 et
1706 3308 1786 3343 ιιι.
1821 3296 1837 3323 ⁴
1863 3296 2113 3344 devorato
2147 3298 2378 3359 pudore.’
2429 3299 2521 3348 Pi-

1453 3371 1616 3420 ckena.
1685 3372 1796 3421 Imo
1818 3373 2080 3420 dedecoris:
2114 3373 2251 3436 quod
2275 3374 2439 3423 visum
2463 3379 2521 3423 et

1457 3448 1685 3498 Mureto.
1720 3447 1989 3498 Acidaliae.
2057 3449 2239 3497 Malim
2262 3451 2378 3498 heic
2400 3464 2521 3500 cum

1457 3525 1704 3575 Pichenae
1754 3526 1857 3574 Ms.
1899 3532 1956 3576 et
2000 3526 2282 3575 editionum
2335 3526 2522 3593 prima,

1452 3605 1692 3652 dedecoris
1710 3618 1909 3653 securos.
1980 3603 2257 3653 Gruterus.

1527 3683 1599 3730 Eo
1638 3687 1781 3743 metu,
1834 3683 2000 3745 paucis
2039 3697 2153 3745 quos
2195 3683 2390 3730 adversa
2427 3695 2520 3730 vion

1454 3760 1771 3823 mutaverant]
1795 3759 2102 3810 Addidimus
2128 3759 2431 3822 particulam
2456 3762 2522 3823 et,

1457 3839 1533 3886 Eo
1572 3845 1716 3901 metu,
1758 3844 1805 3888 et
1841 3839 2025 3902 pauc-is,
2073 3839 2154 3898 ᾇτ’.
2226 3838 2518 3884 Rhenanus.

1456 3915 1698 3965 Muretus
1743 3920 1791 3963 et
1835 3915 2007 3963 tollit:
2065 3913 2157 3961 sed
2222 3928 2320 3961 nou
2368 3912 2519 3962 simul

1456 4006 1609 4040 omne
1652 3993 1754 4040 Ioci
1797 3992 1996 4040 vitium.
2085 3991 2333 4053 Superest
2383 3989 2522 4039 enim

1456 4071 1737 4118 etiamnum
1774 4067 1916 4117 foeda
1952 4069 2193 4132 trajectio
2232 4069 2377 4116 unius
2410 4082 2521 4117 ver·

1455 4161 1557 4209 sus,
1581 4160 1731 4209 quem
1756 4159 1902 4194 suum
1928 4147 1979 4194 in
2003 4146 2191 4205 locum,
2217 4161 2246 4197 a
2264 4144 2521 4196 sententia

1456 4224 1624 4286 ducti,
1646 4224 1721 4272 sic
1754 4224 2074 4273 reducimus:
2112 4224 2187 4271 Eo
2218 4230 2341 4271 melu
2361 4223 2522 4272 cohor·

1457 4297 1531 4351 teTs
1582 4301 1855 4352 Ariminum
1905 4302 2181 4366 praemittit,
2216 4305 2345 4352 alam
2390 4299 2520 4371 tueri

1456 4385 1597 4445 terga
1625 4381 1791 4444 ,iubete
1824 4382 1924 4447 ipse
1957 4382 2143 4450 paucis,
2175 4396 2285 4448 quos
2320 4383 2518 4434 advorsa
