3009 4942
453 380 628 449 3862

454 548 705 608 tineutur,
740 535 799 595 ut
820 543 895 595 ait
916 545 976 594 1..
1032 543 1109 592 Ut
1139 541 1424 607 Alpheum.
1448 541 1516 591 de

455 623 603 673 verb.
643 622 815 687 signif.
861 620 926 672 D.
964 621 1165 670 Plinius
1197 634 1400 686 quoque
1439 620 1517 668 ita

457 700 787 763 accipiendus
824 706 906 749 est
947 700 976 746 Ι.
998 713 1048 747 v.
1071 702 1152 747 21.
1185 697 1201 725 ⁴
1234 695 1518 746 Antiochia

455 776 639 841 libera,
729 776 1034 839 Epidaphne
1121 772 1515 836 eognoiniuata'

458 856 610 908 Quod
655 855 839 904 scribit
883 854 948 902 ad
1001 851 1344 903 differentiam
1400 852 1515 914 ejus

458 932 770 992 Antiochiae,
808 946 927 996 quae
961 930 1014 980 in
1049 927 1430 993 Mesopotamia
1461 934 1523 976 et

462 1009 662 1059 Cilicia.
725 1008 969 1057 Aurelius.

527 1087 807 1134 censeretur
866 1082 1071 1147 clypeus]
1114 1080 1145 1111 ⁴¹*
1190 1080 1362 1129 vultus
1408 1079 1521 1143 ejus

463 1154 681 1225 iiiiag'oz'
714 1168 770 1210 et
808 1159 972 1209 infra:
1023 1161 1038 1187 ‘
1079 1160 1227 1221 Rogo
1270 1166 1520 1222 quantum

460 1240 687 1303 pretium
709 1244 791 1287 est
815 1238 1043 1302 clypeus
1066 1236 1117 1285 iu
1151 1236 1322 1285 curia?
1356 1242 1519 1285 tantae

459 1315 709 1375 victori-ae,
735 1320 944 1377 quantae
977 1328 1079 1362 una
1117 1327 1277 1362 aurea
1313 1311 1523 1381 statua?

467 1391 763 1442 Ver-tranium
831 1393 926 1440 De‘
957 1390 1055 1439 hae
1096 1389 1268 1454 clypei
1296 1388 1524 1452 ponendi

460 1470 856 1531 cousuetudine,
912 1475 968 1518 et
1034 1467 1238 1534 qinaudo
1300 1468 1523 1531 primum

461 1548 647 1611 Clypei
710 1545 984 1609 imaginum
1036 1545 1262 1608 publice,
1319 1543 1527 1608 quando

459 1624 510 1672 iu
539 1623 772 1673 domibus
803 1623 980 1686 positi,
1013 1623 1240 1686 itemque
1268 1620 1333 1669 de
1373 1620 1525 1668 aereis

465 1700 674 1763 clypeis
719 1714 839 1749 cum
883 1699 1145 1764 argenteis
1192 1696 1524 1761 imaginibus,

461 1775 715 1824 videndus
740 1774 880 1824 Pliu.
910 1782 1087 1824 xxxv.
1122 1778 1170 1825 2.
1195 1780 1250 1824 et
1271 1778 1319 1823 3.
1382 1772 1527 1823 Addi

463 1858 639 1916 potest
685 1852 829 1900 loeus
889 1865 954 1899 ex
998 1850 1379 1900 oratione-xri.
1417 1851 1527 1900 Ha-

466 1928 633 1977 driani
674 1928 810 1991 Imp.
855 1943 1007 1992 quem
1053 1926 1217 1977 refert
1263 1927 1527 1978 Charisius

461 2005 499 2053 l.
521 2014 604 2053 xi.
661 2008 675 2033 ‘
700 2003 902 2066 DivuS‚’
938 2004 1125 2069 inquit,
1176 2005 1192 2032 ‘
1228 2003 1526 2054 Hadrianus

464 2079 754 2130 orationum
779 2093 883 2129 xu.
941 2080 985 2130 A
1011 2081 1171 2144 vobis,
1201 2081 1266 2131 P.
1290 2082 1351 2130 C.
1383 2087 1529 2145 peto,

465 2162 522 2206 et
550 2158 888 2220 impetratum
921 2154 1232 2207 validissime
1265 2157 1440 2222 cupio,
1469 2162 1529 2205 ut

465 2234 700 2296 proxime
756 2234 1029 2297 imaginem
1081 2235 1302 2298 Augusti
1347 2246 1530 2297 argen-

467 2318 607 2360 teum
634 2310 802 2373 potius
827 2311 1078 2374 Clypeum
1120 2312 1256 2361 sieut
1290 2311 1531 2375 Augusto

466 2387 848 2453 ponatisfsae.
931 2388 1107 2452 Atque
1166 2389 1251 2437 hie
1309 2389 1420 2452 ipse
1463 2402 1532 2436 ex

466 2474 682 2529 argento
705 2467 932 2529 Clypeus
974 2466 1204 2530 signatus
1236 2473 1316 2515 est
1349 2466 1402 2514 iu
1420 2467 1534 2528 plu-

468 2542 612 2591 ribus
637 2541 861 2605 Augusti
893 2542 1117 2592 denariis
1155 2558 1271 2593 cum
1314 2542 1534 2605 iuscrip-

470 2618 630 2680 tione,
667 2618 796 2668 sz.
831 2621 932 2670 hoe
967 2627 1064 2683 est,
1101 2621 1365 2679 CnvrnvS,
1402 2618 1536 2668 anti-

474 2709 576 2761 qna
618 2695 897 2760 scriptura,
958 2704 1017 2746 ut
1072 2697 1207 2747 &aa
1251 2711 1343 2760 pro
1387 2696 1538 2758 Sylla,

468 2773 583 2823 nisi·
613 2772 750 2822 forte
795 2774 883 2837 sit,
936 2775 1031 2823 Cr..
1077 2789 1129 2824 v.
1175 2788 1266 2838 pro
1308 2775 1538 2838 Clypeus

471 2849 700 2899 votivus.
733 2848 1008 2899 Praeterea
1024 2850 1286 2900 Pedianus
1307 2850 1360 2898 in
1381 2852 1539 2902 Vei-r.

470 2927 504 2976 1.
525 2938 603 2975 xx.
650 2926 855 2987 Fornix,
888 2926 1069 2991 inquit,
1113 2926 1357 2976 Fabianus
1376 2940 1536 2989 weiss,

471 3006 553 3066 ᾄτ.
626 2999 801 3066 Atque
844 3002 1137 3066 hujusmodi
1171 3012 1321 3053 scuta
1366 3004 1418 3052 in
1457 3018 1538 3053 ar-

472 3087 664 3146 genteo
696 3081 908 3131 denario
954 3083 1032 3131 M.
1064 3083 1253 3146 Lepidi
1289 3084 1539 3134 columnis

472 3158 718 3209 Basilieae
775 3160 992 3210 AEmiliae
1048 3160 1203 3212 affixa
1277 3164 1539 3215 videntur.

472 3236 749 3286 Suetonius
788 3237 841 3284 iu
888 3237 1036 3301 Caio,
1077 3243 1157 3288 16.
1200 3239 1216 3267 ‘
1250 3240 1389 3290 iuter
1422 3242 1540 3289 reli-

474 3320 600 3378 quos
654 3312 873 3362 honores
912 3313 1155 3364 decretus
1200 3322 1281 3365 est
1312 3318 1539 3383 Clypeus

474 3402 681 3452 aureus,
727 3404 879 3454 quem
932 3393 1206 3456 quotannis
1256 3400 1403 3443 certo
1450 3394 1537 3444 die

474 3466 694 3529 collegia
736 3467 1064 3517 sacerdotum
1124 3471 1177 3517 in
1222 3471 1536 3534 Capitolium

474 3542 710 3592 ferrent!
773 3543 1070 3594 Trebellius
1106 3546 1277 3595 Pollio
1310 3549 1361 3596 in
1386 3548 1538 3598 Clau-

475 3619 581 3684 dio,
620 3621 635 3649 ‘
680 3622 931 3685 Claudio,'
997 3624 1185 3689 iuquit,
1255 3625 1273 3652 ‘
1310 3625 1537 3690 Clypeus

478 3698 664 3749 aureus
688 3710 897 3750 senatus
921 3701 1078 3750 totius
1105 3702 1307 3766 judicio
1341 3703 1393 3752 iu
1433 3702 1539 3753 Ro-

474 3786 625 3826 mana
658 3778 804 3826 curia
836 3778 1120 3827 collocatus
1146 3777 1263 3842 est,'
1296 3783 1393 3830 ὅτε.
1452 3782 1541 3830 De

476 3853 678 3918 clypeo
700 3854 956 3919 Scipionis
994 3860 1110 3904 cum
1133 3857 1355 3921 imagine
1378 3858 1540 3920 patris

475 3934 532 3980 et
571 3931 746 3993 patrui
786 3930 1043 3979 videndus
1099 3932 1252 3980 Silius
1295 3932 1539 3997 Italicus,

473 4008 512 4059 l.
548 4013 634 4060 7.·
672 4010 891 4061 Ursinus.
980 4010 1207 4073 Egregia
1260 4012 1420 4061 multa
1471 4013 1539 4060 de

475 4084 674 4149 clypeis
707 4087 821 4136 istis
847 4087 1063 4137 Ursinus
1084 4095 1142 4136 et
1173 4077 1395 4151 Lipsius,
1419 4103 1541 4152 quo·

478 4172 593 4211 rum
626 4163 1009 4225 monumentis,¹
1031 4164 1191 4213 addat
1236 4163 1362 4213 lieet
1408 4165 1541 4214 anti·

478 4235 690 4302 quarite·
753 4239 854 4288 rei‘
902 4240 1073 4303 {nysta
1143 4240 1541 4303 Inscription‘eui

479 4325 632 4365 unam
650 4314 990 4382 alteramque,
1026 4331 1243 4382 quarum
1275 4318 1388 4368 haee
1409 4332 1546 4368 eom.

1153 394 1371 446 No‘rAE
1397 392 1826 445 'vammum
1876 395 1961 444 IN

1593 536 1745 604 paret
1770 541 1820 587 in
1846 535 2017 603 operis
2040 537 2233 601 integri
2256 550 2376 603 pag.
2394 538 2513 632 496.
2534 539 2588 599 4
2604 541 2657 587 G

1591 618 1679 666 illa
1703 619 1817 678 172,
1840 622 1893 665 2.
1960 616 2213 666 Gruterus.

1658 697 1867 744 Gnaeum
1893 693 2169 743 Germanici
2188 692 2469 758 appellavit]
2537 693 2656 743 Mos
2711 656 2715 662 ·

1592 773 1711 822 olim
1756 779 2021 835 receptus,
2073 772 2275 820 horroris
2314 785 2487 831 causa,
2520 769 2657 818 bene

1590 852 1912 909 meritorum,
1955 850 2189 912 inprimis
2208 850 2532 912 Principum,
2572 864 2661 898 no-

1593 928 1763 976 mina*
1750 928 1815 976 iis
1836 927 1993 976 etiam
2027 927 2205 976 indere
2241 927 2413 988 rebus,
2443 934 2661 991 quarunt

1514 1028 1519 1035 ·
1594 1002 1934 1068 frequentior,
1984 1016 2047 1052 ae
2087 1004 2137 1051 iu
2184 1004 2410 1068 cujusvis
2451 1017 2560 1063 ore,
2602 1007 2657 1052 et

1597 1087 1907 1151 perpetuum
1950 1080 2062 1129 fere
2101 1080 2169 1128 ob
2211 1094 2357 1129 usum
2400 1086 2657 1143 perpetua

1596 1163 1789 1212 mentio
1827 1167 1927 1222 est,
1972 1167 2032 1209 ut
2071 1160 2288 1223 legibus,
2323 1158 2556 1220 urbibus,
2591 1157 2662 1204 le·

1596 1238 1848 1301 gionlbus,
1884 1237 2082 1300 turmis,
2102 1241 2199 1286 ἃς.
2268 1237 2339 1285 Et
2380 1235 2536 1284 hodie
2576 1234 2664 1283 obss

1595 1320 1852 1365 servatur.
1919 1314 2126 1364 Militiae
2166 1312 2453 1362 celebriora
2485 1324 2666 1374 opera,

1598 1393 1800 1442 bellieae
1834 1407 2011 1455 naves,
2043 1392 2247 1456 aliaque
2265 1386 2667 1453 ejusmodi,tau-

1597 1476 1771 1519 torum
1788 1471 2053 1519 homiuum
2085 1468 2377 1517 nominibus
2410 1465 2548 1529 apud
2574 1474 2665 1513 uos

1597 1547 1824 1609 aliosque
1856 1545 2219 1609 insigniuntur.
2275 1543 2599 1592 Boxhornius.

1636 1632 1639 1637 '
1663 1623 1796 1672 CAP.
1809 1626 1890 1672 85.
1905 1623 2245 1686 ΑρυάνἘάίΙεε
2255 1617 2558 1681 vulgaverat]
2577 1618 2673 1667 Mt-

1597 1715 1693 1750 nus
1713 1713 1959 1763 expressa
1977 1699 2116 1762 apud
2130 1698 2257 1746 alios
2274 1695 2497 1759 vestigia
2514 1695 2669 1758 hujus

1600 1777 1787 1827 moris:
1827 1793 1939 1841 qnae
1963 1777 2046 1824 hie
2067 1776 2120 1823 in
2140 1775 2324 1824 Tacito
2347 1774 2504 1823 clara.
2523 1768 2552 1801 ⁴⁸

1678 1856 1870 1904 Exacta
1921 1861 1969 1904 et
2011 1869 2042 1903 ιι
2092 1851 2323 1914 ficiato}
2364 1848 2672 1899 Vertrauius

1598 1937 1845 1981 wadum.-
1869 1932 1953 1981 cui
1971 1930 2223 1979 adsentio.
2278 1927 2487 1992 Lipsius.
2522 1926 2675 1975 Faer-

1599 2025 1696 2059 nus
1755 2009 1982 2059 addebat
2033 2021 2234 2067 vocem,
2299 2006 2443 2067 ratio,
2504 2009 2561 2052 et
2603 2003 2675 2050 le-

1602 2086 1789 2152 gebat:
1829 2086 2018 2135 Exacta
2061 2088 2110 2134 ee
2163 2099 2194 2132 a
2236 2084 2416 2131 Titidio
2461 2081 2675 2129 Labeone

1609 2165 1813 2214 Vistilia
1846 2164 2020 2212 marito
2058 2162 2201 2223 ratio,
2238 2175 2340 2221 cur,
2379 2163 2462 2223 &a
2532 2155 2674 2207 Fieri

1604 2250 1776 2291 antem
1824 2241 2013 2306 potuit,
2057 2246 2114 2288 ut
2158 2237 2211 2286 id
2253 2239 2490 2294 verbum,
2534 2232 2673 2298 quod

1605 2319 1800 2367 duabus
1824 2325 2024 2367 tantum
2057 2316 2223 2365 literis
2258 2321 2494 2363 notatum
2519 2317 2676 2375 esset,

1604 2400 1659 2446 rb
1682 2396 1841 2446 facile
1868 2395 2109 2445 librarius
2134 2392 2382 2443 omiserit.
2427 2390 2669 2439 Ursinus:-

1650 2474 1942 2535 ‘Sea-aginta
1995 2470 2120 2533 dies]
2162 2490 2167 2497 ’
2218 2469 2348 2519 Dies
2404 2468 2675 2530 sexaginta

1607 2550 1716 2599 dati
1764 2551 1876 2612 lege
1919 2549 2080 2611 Julia,
2120 2562 2150 2595 a
2188 2547 2273 2596 die
2296 2546 2531 2607 divortii,
2571 2558 2677 2592 ma-

1609 2627 1708 2677 rito
1763 2626 1830 2675 ad
1887 2624 2250 2674 accusandum.
2346 2623 2554 2671 Clarum
2611 2635 2676 2668 ex

1611 2706 1647 2753 1.
1691 2718 1769 2771 xi.
1813 2716 1933 2751 xrv.
1972 2718 2059 2752 xv.
2136 2700 2221 2750 Ad
2266 2697 2677 2764 legem‘suliam

1612 2780 1677 2829 de
1701 2779 2006 2838 adulteriis3
2043 2790 2168 2844 quas
2188 2777 2329 2833 vide.
2380 2776 2592 2840 Lipsius.

1677 2857 1756 2906 De
1775 2854 1924 2905 sacris
1955 2854 2227 2920 AEgyptis's]
2292 2854 2357 2902 In
2379 2853 2519 2902 omni
2543 2852 2679 2916 Rep.

1613 2934 1746 2985 bene
1788 2934 2029 2984 instituta
2065 2944 2268 2996 semper
2286 2942 2487 2981 summo
2504 2929 2677 2980 studio·

1612 3010 1874 3075 provisum
1920 3016 2020 3073 est,
2060 3014 2126 3058 ne
2167 3011 2308 3058 iuter
2349 3008 2491 3057 cives
2538 3012 2678 3056 esset

1613 3088 1836 3136 varietas
1913 3086 2232 3150 religionum.
2331 3085 2523 3149 Itaque
2599 3098 2679 3133 sa-

1614 3162 1822 3225 pienter
1867 3162 1975 3211 Cic.
2023 3161 2077 3210 in
2109 3162 2313 3226 legibus
2359 3163 2459 3210 hoe
2502 3161 2677 3211 statim

1614 3255 1645 3289 a
1667 3240 1924 3303 principio
1940 3239 2146 3301 statuit,
2174 3240 2194 3268 ⁸
2219 3239 2503 3303 separatim
2527 3250 2677 3287 nemo

1613 3316 1846 3365 habessit
1867 3316 2032 3377 Deos,
2072 3328 2201 3364 neve
2240 3328 2421 3378 novos,
2464 3315 2559 3363 sed
2581 3323 2679 3363 neu

1615 3392 1863 3453 advenas,
1911 3391 2010 3438 nisi
2056 3391 2265 3453 publice
2305 3391 2555 3454 adscitos,
2596 3398 2683 3440 οὐ*

1613 3466 1795 3516 lanto-⁹
1859 3467 2157 3516 Postumius
2194 3467 2376 3517 consul
2397 3467 2536 3531 apud
2563 3467 2684 3516 le‘.

1615 3554 1816 3593 xxxix.
1835 3547 1915 3593 16.
1960 3543 2171 3592 Servius
2189 3544 2245 3593 in
2265 3545 2301 3593 l.
2318 3556 2443 3595 vm.
2466 3556 2542 3593 vs.
2568 3548 2682 3594 18⁷⁸·

1615 3620 1745 3670 Cum
1784 3620 1943 3685 igitur
1973 3621 2142 3685 multi,
2179 3628 2237 3670 et
2271 3622 2323 3669 in
2346 3621 2474 3670 urbe
2494 3628 2565 3670 ‘et
2585 3630 2703 3684 per·

1614 3700 1817 3750 Italiam
1842 3701 2095 3764 AEgyptiis
2130 3707 2189 3750 ’et
2224 3699 2458 3751 Juduieis
2490 3698 2682 3748 ritibus
2718 3712 2722 3717 ·

1615 3776 1781 3827 dediti
1820 3785 2014 3841 essent,
2050 3786 2140 3827 eos
2173 3785 2383 3827 senatus
2412 3776 2682 3839 pellendos

1603 3854 1880 3919 judicavit.
1949 3854 2124 3921 Atque
2179 3855 2415 3919 AEgyptii
2470 3854 2683 3918 quidem

1615 3931 1839 3981 omnium
1862 3933 2156 3981 mortalium
2190 3930 2686 3995 superstitiosissimi

1615 4015 1783 4067 eraut,
1836 4015 1894 4058 ut
1949 4024 2015 4057 ex
2070 4010 2361 4071 Herodoto,
2429 4011 2689 4070 Diodoro,

1617 4086 1921 4147 Plutarcho,
1953 4087 2193 4137 Juvensli
2219 4090 2331 4137 Sat:
2348 4092 2440 4138 xv.
2466 4088 2685 4152 aliisque

1616 4162 1857 4225 cognosci
1881 4168 2072 4224 potest.
2122 4161 2279 4211 Multi
2303 4170 2478 4212 autem
2504 4165 2687 4212 Rom
2714 4190 2723 4203 ·

1617 4238 1878 4302 AEgyptiis
1938 4239 2433 4300 ·superstitiouibus‘
2496 4237 2686 4288 infecti

1619 4322 1802 4366 eraut:
1879 4316 2226 4382 colebantque
2282 4317 2409 4381 Isin,
2451 4315 2687 4378 Anubin,
