3009 4942
479 408 655 478 3860

481 558 605 619 tatis
625 570 833 619 litorum
856 568 976 619 oris.
1042 569 1162 619 Non
1188 569 1338 619 aliter
1358 570 1540 634 Belgae

475 647 645 696 nostri
658 647 938 711 loquuntur
957 662 970 695 ε
1009 647 1119 696 inde
1134 645 1275 708 wijde
1288 647 1402 703 Zee,
1425 661 1543 696 cum

480 722 547 771 de
580 724 692 787 ipso
716 725 863 788 quasi
888 722 1177 773 meditullio
1200 723 1351 771 maris
1375 738 1543 772 sermo

480 807 576 848 est.
623 802 698 855 Et
712 801 811 849 hoc
837 802 986 849 latum
1005 800 1216 860 dicitur,
1238 800 1543 865 longiusque

482 877 631 925 abest
654 892 684 925 a
699 878 870 928 litore.
902 879 1070 926 Altum
1089 891 1212 925 vero
1229 891 1370 926 mare
1384 877 1542 927 etiam

478 954 552 1003 ibi
570 970 683 1004 esse
706 962 899 1019 potest,
924 955 1009 1003 ubi
1038 955 1327 1019 proximum
1362 961 1443 1004 est
1462 956 1544 1005 lit-

477 1037 650 1081 torum
674 1033 791 1082 oris.
842 1032 1163 1081 Boxhorm‘us.

544 1110 680 1159 CAP.
722 1114 805 1159 79.
868 1109 1014 1158 Diem
1071 1108 1375 1173 praedixisse]
1458 1108 1543 1159 An

477 1187 651 1251 potins
672 1185 997 1250 predixisset?
1034 1187 1097 1236 Id
1122 1187 1261 1235 enim
1286 1187 1429 1236 verbi
1455 1201 1543 1250 po-

478 1264 581 1311 tius
625 1265 676 1313 in
721 1266 816 1314 bac
861 1279 915 1313 re
960 1270 1281 1327 usurpatum.
1366 1264 1543 1313 Livius

475 1339 513 1387 l.
550 1353 637 1388 111.
682 1343 697 1368 ‘
723 1341 784 1389 In
832 1354 1091 1390 carcerem
1136 1345 1217 1388 est
1255 1339 1542 1403 conjectus,

475 1415 627 1480 eique
649 1416 913 1465 Tribunus
951 1416 1090 1466 diem
1126 1416 1391 1480 prodixit.'
1459 1419 1542 1466 Ex

476 1492 661 1541 eodem
703 1500 757 1543 et
800 1494 927 1542 item
963 1493 1076 1541 aliis
1114 1494 1261 1556 plura
1299 1494 1543 1556 exempla

476 1569 568 1618 dat
587 1570 820 1634 Scaliger
841 1571 893 1618 in
916 1571 1143 1619 Festum.
1198 1571 1330 1625 Sane
1347 1576 1403 1619 et
1425 1571 1543 1619 Mu-

475 1652 575 1694 ret.
599 1645 673 1694 ita
695 1646 842 1710 legit.
884 1645 1149 1696 Acidalius.

539 1722 675 1773 CAP.
698 1728 780 1772 80.
818 1723 1106 1786 Celenderis]
1147 1723 1237 1773 Sic
1260 1738 1379 1772 cum
1400 1730 1540 1774 esset

472 1799 526 1848 in
566 1800 806 1862 vulgatis,
852 1801 1053 1864 Lipsius
1115 1806 1354 1864 testatur,
1398 1801 1537 1865 apud

471 1878 756 1941 Josephum
791 1878 913 1941 legi,
948 1878 1215 1926 Celendris:
1263 1892 1416 1943 qnam
1452 1893 1539 1927 vo·

473 1968 589 2002 cem
614 1954 819 2017 repperi
843 1955 999 2003 etiam
1021 1954 1073 2002 in
1097 1955 1239 2005 Man.
1274 1956 1502 2004 Pie-hena.

544 2031 600 2078 ln
652 2044 893 2080 numerum
947 2032 1144 2092 legionis
1197 2033 1536 2096 composuerat]

473 2108 659 2169 Recte,
680 2109 731 2155 in
761 2122 1023 2168 numerum,
1064 2122 1181 2156 nam
1221 2123 1390 2173 neque
1429 2112 1537 2160 ani-

471 2199 604 2245 moS,
638 2199 807 2249 neque
849 2186 1226 2248 experientiam
1259 2193 1348 2236 aut
1370 2202 1537 2252 usum,

367 2258 390 2267 “
470 2275 538 2308 ne
564 2275 706 2308 arma
729 2260 937 2324 quidem
958 2261 1357 2324 legionariorum
1379 2264 1536 2314 habe-

469 2337 616 2400 bant,
658 2338 892 2401 adeoque
945 2337 1068 2385 nihil
1125 2344 1322 2401 praeter
1358 2353 1537 2390 nume-

470 2427 601 2463 rum.
649 2413 1012 2463 Freinshemius.

479 2532 490 2541 .
534 2491 667 2540 Hinc
707 2492 932 2554 militum,
973 2493 1083 2541 inde
1124 2493 1349 2557 locorum]
1403 2495 1533 2559 Sup-

465 2567 580 2629 piet
614 2568 884 2617 Muretus:
913 2569 1029 2618 hinc
1065 2566 1270 2618 militum
1306 2571 1394 2633 vis,
1422 2572 1533 2623 inde

466 2645 666 2692 locorum
688 2646 935 2708 asperitas.
972 2646 1074 2694 Sed
1099 2660 1164 2694 ex
1187 2646 1393 2710 ingenio
1417 2652 1530 2696 tan-

467 2725 596 2769 tum.
631 2719 861 2769 Pie-hena.
919 2721 1033 2783 Ego
1052 2721 1232 2784 probo.
1265 2720 1532 2773 Acidaliae.

465 2795 673 2844 Excusa
692 2796 823 2846 bene
847 2803 983 2845 stat:
1008 2810 1125 2844 nam
1150 2798 1402 2860 asperitas
1427 2813 1532 2848 non

465 2881 667 2924 tantum
691 2875 811 2938 loci,
850 2874 941 2924 sed
972 2874 1162 2925 militis.
1217 2875 1305 2924 Sic
1342 2877 1528 2926 Horat.

465 2952 583 3000 Ode
598 2957 644 3001 l.
663 2952 686 2980 ⁴
709 2966 881 3001 acrem
906 2951 1154 3001 militiam’
1177 2952 1329 3014 dixit,
1353 2952 1405 3000 id
1429 2961 1531 3018 est,

464 3043 729 3092 asperam:
762 3036 816 3078 et
837 3029 978 3090 alibi,
1000 3029 1015 3055 ‘
1040 3040 1235 3092 gnavus
1260 3035 1316 3078 et
1339 3029 1528 3093 asper.'

464 3105 537 3153 Et
565 3105 587 3132 6
614 3106 868 3154 saevitiam
911 3104 1322 3167 Centurionum‚'
1354 3113 1531 3155 noster

461 3182 561 3232 1.1.
602 3183 690 3246 qui
725 3182 881 3245 rigidi
919 3182 1148 3245 dicti,et
1181 3184 1369 3246 asperi.
1426 3185 1529 3235 Διι-

460 3258 620 3306 relius.
1057 3264 1071 3275 ‘
1432 3246 1450 3259 ”

528 3336 658 3384 cn.
684 3340 763 3384 81.
801 3336 1001 3385 Interim
1028 3335 1166 3399 Piso]
1204 3336 1381 3385 Pisoni
1405 3350 1525 3386 con-

457 3411 628 3460 silium
663 3411 796 3473 fuit3
830 3414 984 3476 quale
1022 3402 1301 3462 Thracibus
1332 3426 1410 3463 lv.
1440 3418 1524 3462 48.

459 3494 515 3537 et
540 3488 810 3538 Germanis
835 3489 905 3537 H.
930 3503 982 3537 v.
1008 3492 1092 3538 21.
1128 3487 1491 3538 Freinshemius.

522 3565 680 3614 Semet
703 3564 1016 3629 adflictaudo]
1038 3567 1156 3615 Non
1177 3572 1261 3613 est
1277 3565 1524 3614 credibile

456 3641 698 3690 Pisonem
742 3643 907 3690 virum
946 3641 1236 3706 arrogantis
1270 3640 1443 3703 animi,
1468 3648 1550 3690 et*

456 3717 639 3780 primae
664 3718 948 3767 nobilitatis
968 3726 1026 3768 et
1047 3733 1111 3768 ex
1137 3719 1302 3782 stirpe
1335 3719 1522 3768 Numae

456 3793 608 3856 regiS‚
653 3808 748 3842 nec
807 3793 1030 3844 fortunae
1077 3795 1520 3856 succumbentem,

453 3877 619 3919 semet
665 3867 962 3921 afflictasse.
1040 3873 1179 3934 Lego
1225 3872 1401 3936 igitur,
1456 3874 1521 3921 Et

447 3960 537 4009 pro
574 3948 722 3994 murts
756 3951 888 3997 modo
924 3964 1008 3997 sua
1035 3955 1196 3998 castra
1233 3954 1435 3998 metatus
1454 3951 1519 3998 ad

450 4023 826 4086 conflictandum.
861 4025 1121 4075 Aurelius.
1198 4027 1518 4089 Progressus

452 4106 605 4147 extra
643 4114 810 4149 muros
851 4103 975 4151 nihil
1015 4104 1311 4165 omittebat,
1332 4103 1516 4166 quibus

452 4175 520 4224 ad
546 4176 948 4227 misericordiam
980 4177 1336 4241 flecterentur,
1364 4179 1516 4228 modo

449 4258 617 4301 semet
646 4251 813 4314 ipsum
847 4254 1110 4316 miserans,
1131 4269 1375 4319 suamque
1410 4269 1516 4304 sor·

451 4332 564 4381 tem.
613 4327 905 4394 deplorans.
991 4330 1093 4379 Pro
1139 4331 1292 4380 muris
1342 4329 1515 4382 reddit

1173 420 1391 476 1⁴01·AE
1438 426 1674 475 VAmo
1687 424 1845 476 RUM
1894 427 1973 476 ln

1622 571 1803 621 Germ.
1843 584 2001 635 supra
2055 584 2285 620 murum:
2339 568 2504 632 falso;
2556 568 2682 621 licet

1621 648 2002 712 adstipulentur
2058 662 2253 709 omnes,
2303 657 2496 712 praeter
2566 647 2683 698 Gal.

1621 724 1989 775 Freinshemius.
2034 726 2201 775 Recte
2225 740 2340 775 meo
2358 726 2559 789 ju'di'cio
2578 728 2681 774 omf-

1619 813 1729 862 nes,
1749 801 1837 865 qui
1870 816 1959 864 pro
1995 803 2162 863 muris,
2196 809 2256 852 nt
2286 817 2373 866 pro
2394 803 2578 865 rostris,
2594 812 2683 866 prs

1617 877 1866 938 tribunali,
1886 886 2228 942 acceperunt:
2257 894 2354 928 nee
2379 885 2555 943 potest
2576 879 2682 943 pla-

1619 967 1742 1002 cere
1765 968 2046 1017 progressus
2079 960 2218 1005 extra
2251 970 2424 1004 muros.
2481 956 2682 1006 Quous-

1619 1044 1720 1093 que
1743 1031 1875 1078 enim
1902 1033 2145 1096 progredi
2184 1040 2301 1082 tuto
2332 1038 2558 1096 poterat,
2594 1031 2680 1096 qni

1617 1112 1770 1155 extra
1792 1119 1986 1167 muros,
2016 1123 2119 1173 qua
2153 1115 2299 1171 parte
2338 1109 2681 1157 incubuerant

1616 1181 1873 1244 Sentiani,
1909 1183 2036 1231 nibil
2072 1200 2292 1234 vacuum
2336 1192 2426 1233 aut
2461 1185 2679 1233 liberum

1616 1259 1882 1309 habebat?
1919 1262 1989 1310 Et
2011 1269 2205 1325 quanto
2229 1261 2545 1311 commodius
2568 1262 2679 1310 haec

1616 1335 1812 1384 invidia
1848 1337 2012 1386 fiebat
2054 1351 2121 1386 ex
2159 1340 2266 1387 alto
2310 1344 2366 1388 et
2411 1339 2517 1387 late
2564 1352 2683 1386 con·

1617 1420 1797 1476 specto
1843 1415 1993 1463 loco?
2052 1421 2349 1479 quantoque
2395 1413 2461 1463 ad
2502 1416 2679 1478 plures

1616 1491 1917 1553 pertinebat
1957 1500 2013 1541 et
2050 1493 2187 1541 visus
2222 1490 2542 1541 adflictantis
2568 1500 2679 1542 sese

1615 1573 1671 1616 et
1693 1583 1795 1617 vox
1830 1569 2091 1633 querentis
2116 1584 2176 1617 ac
2196 1569 2520 1618 sollicitantis
2540 1570 2559 1617 ἓ
2594 1568 2679 1618 sie

1615 1645 1773 1709 igitur
1793 1647 1993 1709 accipe,
2007 1646 2252 1695 Pisonem
2271 1647 2414 1695 circa
2436 1645 2487 1693 id
2510 1646 2678 1708 ipsum

1614 1729 1839 1785 tempus,
1861 1738 1964 1786 quo
1990 1723 2361 1786 rejiciebantur
2384 1728 2441 1771 et
2461 1734 2515 1771 se
2541 1723 2681 1771 claua

1613 1798 1809 1848 debant
1844 1800 1980 1849 intra
2017 1799 2334 1847 munimenta
2361 1799 2459 1860 sui,
2494 1798 2678 1847 eodem

1613 1889 1707 1937 per
1739 1890 1971 1924 aversam
2014 1882 2216 1939 portam
2250 1875 2468 1924 ‘rediisse
2500 1888 2532 1922 a
2574 1881 2682 1924 ten·-

1612 1957 1727 1999 tata
1759 1952 1925 2000 classe
1964 1958 2021 2001 et
2054 1952 2179 2000 tium
2218 1959 2407 2015 parant
2429 1952 2681 2014 sentiani,

1611 2040 1727 2092 quae
1774 2028 2122 2093 oppugnando
2160 2034 2337 2077 essent
2379 2028 2582 2089 idonea,
2625 2027 2680 2077 in

1611 2106 1818 2154 summis
1873 2107 2125 2155 moenibus
2179 2106 2312 2154 hanc
2372 2106 2679 2168 tragoediam

1611 2181 1847 2243 saltasse,
1891 2182 2056 2231 donec
2095 2182 2301 2230 Sentius
2345 2189 2530 2244 parata
2564 2182 2678 2244 jam

1609 2264 1760 2319 parte
1809 2259 2141 2308 instrumenti
2198 2272 2388 2307 canere
2420 2258 2579 2321 *signa
2625 2262 2679 2307 et

1609 2334 1713 2383 vim
1734 2333 1848 2383 fieri
1864 2336 2039 2397 jussit.
2110 2335 2393 2383 Gronovius.
2592 2354 2595 2359 ·

1675 2412 1913 2460 occanere
1958 2411 2155 2474 cornus]
2208 2412 2435 2461 occulte
2474 2424 2682 2475 surrep-

1606 2494 1718 2537 tum
1760 2489 2006 2537 Sallustio
2057 2495 2154 2552 est,
2201 2489 2218 2517 ‘
2243 2489 2406 2540 Jussu
2466 2488 2678 2538 Metelli

1607 2565 1902 2614 cornicines
1926 2564 2245 2614 occanuere.’
2295 2565 2509 2628 Lipsius.-

1670 2642 1805 2692 οη.
1829 2647 1910 2694 se.
1951 2644 2117 2706 notor,
2139 2645 2232 2704 ira,
2271 2649 2320 2693 et
2350 2634 2677 2710 ‹eb-umpebant]

1605 2718 1636 2749 ⁴*
1660 2727 1893 2784 questus.
1950 2720 2182 2769 Eundem
2221 2720 2453 2769 ordinem
2494 2721 2563 2769 in‘
2591 2736 2678 2771 ex·

1606 2796 2182 2861 primendis-affectibus
2202 2796 2475 2861 ejusmodi,
2494 2812 2675 2847 eorum

1604 2875 1913 2938 singularem
1937 2872 2192 2924 artificem
2227 2874 2371 2937 sequi
2395 2875 2674 2938 Nasonem,

1603 2952 1793 3014 passim
1828 2953 2103 3001 observare
2127 2956 2224 3001 est.
2278 2950 2430 3002 Quod
2460 2964 2675 3001 monen-

1602 3028 1724 3077 dum
1748 3035 1883 3092 erat,
1921 3029 2042 3093 quia
2081 3027 2336 3091 ejusmodi
2370 3027 2676 3091 elegantias,

1602 3111 1693 3154 aut
1718 3106 1890 3168 potius
1912 3104 2132 3154 fulmina
2152 3119 2214 3154 ac
2240 3104 2374 3152 vires
2397 3104 2674 3168 scribendi,

1601 3183 1752 3244 pauci
1771 3182 2065 3244 observant,
2082 3182 2355 3246 panciores
2374 3182 2673 3245 exprimunt

1601 3265 1657 3307 et
1676 3264 1974 3322 sequnntur.
2043 3259 2181 3307 Nam
2206 3259 2319 3306 haec
2342 3270 2548 3322 quoque
2569 3266 2671 3306 non

1601 3335 2052 3397 praetermittenda
2085 3340 2208 3383 sunt
2240 3334 2361 3396 illis,
2384 3333 2473 3398 qni
2497 3333 2563 3381 ad
2584 3346 2672 3382 an·

1604 3411 1865 3476 tiquorum
1908 3414 2175 3477 exemplar
2217 3426 2279 3461 ac
2312 3412 2571 3475 judicium
2614 3424 2669 3462 se

1600 3497 1934 3551 componunt.
1984 3490 2308 3539 Boxhornius.

1665 3566 1725 3613 In
1755 3571 1992 3614 extremas
2030 3571 2184 3614 terras
2216 3566 2505 3628 relegatum]
2536 3567 2667 3616 Cum

1597 3641 1730 3690 libro
1754 3643 2000 3704 proximo
2014 3646 2229 3690 externae
2249 3647 2394 3691 terroe
2423 3642 2670 3692 dicantur

1595 3717 1703 3765 inae
1740 3717 1995 3778 OrientiS‚
2036 3717 2092 3765 in
2130 3732 2253 3781 quas
2292 3718 2554 3780 relegatus
2584 3723 2669 3767 est

1596 3792 1958 3855 Germanicus,-
1979 3801 2037 3841 ut
2058 3793 2210 3857 iufra,
2233 3796 2248 3823 ‘
2269 3795 2356 3845 Ob
2382 3795 2670 3859 longinqui·

1596 3877 1758 3919 tatem
1782 3870 1989 3920 itineris
2009 3874 2241 3923 externis
2267 3874 2425 3922 terris
2461 3882 2667 3938 quoqne

1593 3948 1748 3997 modo
1768 3957 2054 3999 crematum
2076 3950 2111 3999 τ’
2147 3958 2202 3998 et
2241 3952 2257 3979 6
2284 3948 2484 3998 differri
2505 3951 2666 3998 etium

1593 4039 1688 4087 per
1726 4027 2005 4076 externos!
2060 4026 2174 4076 Imo
2220 4026 2318 4075 hoc
2360 4028 2479 4089 ipso
2506 4026 2669 4091 iibro,

1592 4103 1679 4152 ubi
1716 4102 2016 4153 Alexander
2054 4113 2109 4155 et
2143 4106 2489 4154 Germanicus
2528 4118 2669 4154 com·

1591 4188 1867 4242 parantur:
1893 4183 1907 4208 ‘
1927 4183 2225 4246 Utrumque
2242 4195 2446 4230 suorum
2466 4181 2666 4230 insile

1590 4262 1833 4306 externas
1854 4258 1992 4306 inter
2025 4264 2209 4321 gentes
2228 4255 2487 4305 occidisse
2501 4256 2534 4305 :'
2548 4257 2662 4308 --hte

1589 4331 1747 4382 etiam
1770 4331 2101 4383 scribendum
2124 4337 2312 4384 censeo
2328 4350 2347 4385 ε
2387 4332 2664 4383 ideam
