3009 4942
465 363 666 433 &52

538 527 726 577 Castris
764 525 1016 590 animm
1076 525 1300 576 Attiners
1350 525 1536 587 castris,

471 611 552 654 est
588 604 640 653 in
678 604 864 653 castris
900 603 1186 663 continere,
1211 609 1368 667 atque
1396 601 1539 651 coer·

471 696 613 745 cere,
634 696 732 731 nec
756 681 966 748 evagari
989 680 1327 744 sinere,quod
1351 685 1539 728 natura

472 766 528 809 et
551 768 646 807 usu
667 759 831 821 gentis
851 764 966 807 erat
995 758 1220 806 solitum.
1289 757 1440 805 Idem.

538 835 819 898 Disciplina?
838 840 885 883 et
912 834 1126 898 imperiis
1143 832 1401 896 suesceret]
1435 832 1540 881 An-

474 918 560 962 tea
602 911 852 974 disciplina
896 915 944 959 et
991 910 1222 974 imperiis.
1309 909 1537 970 Mutavi,

470 990 679 1039 volente
699 990 900 1053 Tacito,
921 988 1027 1053 qui,
1047 989 1099 1036 ni
1124 986 1295 1048 fallor,
1324 987 1398 1037 sic
1422 1000 1539 1049 per-

471 1072 634 1132 petuo
669 1066 917 1130 loquitur.
983 1066 1284 1139 Supra,l.·1.
1318 1064 1334 1091 ‘
1357 1078 1539 1112 verna-

472 1146 592 1194 cula
614 1143 910 1206 multitudo,
931 1143 1153 1192 lasciviae
1178 1143 1359 1191 sueta!
1421 1142 1537 1192 Lib.

471 1234 535 1270 u.
570 1220 586 1246 ⁴
612 1226 672 1268 ut
694 1226 959 1269 suesceret
982 1218 1217 1269 militiae?
1279 1218 1396 1268 Lib.
1420 1232 1537 1269 xvi.

472 1297 489 1325 ‘
515 1302 746 1345 externae
781 1295 1037 1359 superbiae
1071 1295 1259 1345 sueto!
1312 1296 1539 1346 Pickenu.

474 1372 631 1422 Haud
648 1373 756 1422 scio
775 1388 839 1422 an
853 1373 973 1438 jure
991 1372 1301 1433 mutaverit3
1319 1387 1434 1421 nam
1445 1368 1546 1421 cur'

471 1465 577 1501 nou
613 1451 786 1500 liceat‘
810 1449 1009 1501 variare
1042 1448 1244 1511 Tacito,
1280 1458 1337 1496 et
1368 1448 1540 1497 eidem

477 1528 639 1579 verbo
683 1544 821 1579 nnnc
852 1529 951 1579 boc
979 1543 1115 1577 nunc
1152 1528 1254 1577 alio
1288 1525 1429 1576 flexu
1450 1541 1540 1575 no-

471 1619 589 1655 men
602 1606 859 1669 jungere?
885 1605 1044 1672 j-nxta
1074 1611 1246 1654 autem
1269 1604 1460 1654 bonnm
1483 1611 1553 1658 et.

471 1681 713 1733 Latinum
745 1682 996 1744 disciplina
1028 1697 1252 1732 sioescere.
1317 1682 1452 1732 Vide
1471 1681 1541 1730 ad

475 1758 674 1807 Livium
698 1772 861 1808 xxxi.
884 1763 966 1811 35.
1003 1759 1282 1808 Gronovius.

545 1834 807 1899 Cinithios]
861 1835 1036 1884 Plinio
1103 1835 1233 1885 dicti
1299 1836 1543 1886 videntur

476 1911 672 1961 Etliini.
702 1912 912 1975 Lipsius.

544 1989 807 2054 Cinithios]
838 1992 982 2055 Lege
1004 1992 1275 2057 Cinyphius.
1306 1993 1441 2042 Sunt
1459 2005 1544 2040 au·

476 2071 582 2130 tem
613 2069 795 2131 populi
834 2069 1042 2119 minoris
1066 2068 1284 2119 Africae.
1349 2069 1540 2119 Silius:

475 2144 491 2170 ‘
518 2142 896 2211 Cinyphiaeque
929 2146 1111 2210 globos
1147 2146 1446 2197 dubitarem
1475 2145 1544 2194 ir-

475 2234 716 2284 rumpere
742 2222 946 2273 turma!
978 2225 1218 2273 Muretus.

544 2296 726 2346 Furius
771 2298 1002 2348 Camillus
1043 2299 1303 2349 Pmconsul
1337 2296 1545 2362 Africoe]

478 2373 549 2422 Et
569 2371 673 2435 hic,
694 2379 750 2423 et
771 2373 912 2436 alibi,
946 2374 1033 2424 ubl
1055 2375 1230 2438 vulgo,
1270 2375 1544 2437 proconsul,

477 2454 586 2510 aut,
623 2450 914 2514 Proproetor,
946 2451 1294 2514 Manuscripti
1327 2451 1544 2513 habent,

475 2525 779 2597 Proconsuls,
806 2527 1271 2589 aut,·Proproetore‚·
1300 2526 1440 2590 quod
1464 2541 1544 2576 se-

471 2604 577 2652 mel
617 2604 874 2653 monuisse
918 2601 1159 2653 sufficiat.
1223 2603 1390 2652 Simili
1431 2601 1559 2652 fere'

474 2677 627 2728 modo
672 2680 708 2728 l.
742 2692 866 2730 xm.
918 2681 934 2707 ‘
960 2681 1138 2729 Romae
1183 2679 1409 2742 Praetor,
1450 2693 1544 2743 per

471 2755 784 2818 provincias,
818 2756 908 2820 qni
940 2761 1265 2821 propraetore
1300 2761 1392 2806 aut
1422 2769 1545 2805 con·

474 2833 583 2882 snle
607 2831 819 2881 essent.’
855 2833 1087 2881 Pit-hena.

540 2911 682 2960 Metu
696 2910 955 2973 eluderent]
989 2911 1237 2975 Optime;
1273 2911 1327 2960 id
1347 2916 1447 2975 est,
1477 2925 1545 2960 ne

472 2992 618 3036 metu
662 2987 1008 3035 Romanarum
1047 2985 1236 3035 virium
1275 2988 1545 3037 traherent

477 3061 691 3124 bellum,
711 3062 853 3110 nulla
874 3063 1026 3126 copia
1059 3068 1266 3127 pugnas.
1331 3064 1546 3116 Assidet

473 3137 594 3187 huic
610 3138 734 3186 illud
754 3138 1043 3201 Claudiani,
1056 3138 1138 3187 De
1152 3138 1348 3190 laudib.
1372 3140 1545 3194 Stilic.

474 3215 510 3264 l.
535 3227 574 3264 1.
606 3214 622 3241 ‘
648 3229 731 3263 res
767 3214 898 3269 mira
931 3215 1132 3264 relatu:
1184 3217 1266 3265 Ne
1304 3216 1543 3280 timeare,

476 3291 629 3342 times
640 3308 661 3361 3
708 3299 766 3342 et
809 3307 961 3357 quem
1003 3293 1239 3342 vindicta
1280 3295 1546 3358 manebat,

475 3372 770 3436 Desperare
791 3373 974 3422 vetas?
1040 3374 1320 3424 Rhenanus
1350 3382 1544 3438 tamen,

470 3454 599 3510 uun,
621 3450 818 3499 maluit.
855 3450 1065 3514 Lipsius.

539 3527 616 3574 Eo
632 3525 850 3590 pronior]
887 3528 1001 3588 Est,
1035 3528 1122 3592 qui
1145 3542 1248 3577 non
1272 3527 1417 3591 cepit
1439 3528 1544 3577 vim

473 3600 628 3666 hujus
651 3603 1134 3665 argumentationis,
1156 3618 1274 3667 qnae
1298 3604 1410 3652 haec
1431 3608 1542 3654 est:

473 3678 708 3728 Tiberius
754 3678 921 3727 claros
966 3678 1102 3727 viros
1143 3679 1444 3729 detrectare
1488 3686 1547 3730 et

474 3765 780 3819 suspectare
803 3755 1001 3818 solitus,
1036 3756 1173 3805 hunc
1196 3755 1311 3805 ideo
1335 3756 1545 3820 pronius

475 3832 683 3894 extulit,
718 3831 841 3895 quia
862 3831 1119 3880 homiuem
1142 3832 1284 3880 nulla
1306 3846 1371 3880 eo
1390 3847 1546 3897 usque

473 3908 689 3959 militari
709 3906 864 3969 fama,
885 3907 950 3955 ob
969 3908 1179 3956 unicum
1197 3908 1293 3957 hoc
1311 3908 1543 3971 praelium

474 3984 596 4036 satis
638 3984 990 4049 intelligebat,
1049 3998 1112 4033 eo
1157 3985 1338 4048 gloriae
1387 3992 1546 4051 atque

472 4061 803 4112 auctoritatis
824 4076 928 4110 non
967 4075 1123 4124 posse
1145 4061 1466 4126 ascendere,
1488 4069 1549 4112 ut

476 4138 787 4201 exindefsibi
827 4138 1111 4201 pericnlum
1147 4138 1360 4188 haberet
1381 4146 1548 4188 metu-

479 4217 685 4268 endum.
769 4215 845 4266 At
884 4217 968 4267 ille
1006 4217 1243 4282 putabat,
1278 4216 1548 4267 Tiberium

478 4295 766 4347 celebrasse
808 4294 1016 4359 pronius
1060 4295 1116 4344 id
1158 4293 1374 4358 factum,
1417 4302 1548 4342 tam-

477 4386 631 4441 quam
650 4385 719 4422 ex
739 4366 1111 4423 auimo‘laetum
1129 4377 1288 4436 atque
1309 4363 1577 4420 exultan-⁹

546 4752 662 4880 k

1166 376 1383 428 No'rAE
1433 377 1837 426 VARIORUM
1886 375 1968 430 lu

1614 531 1738 587 tem,
1770 523 1909 589 quod
1934 523 2014 574 vir
2044 522 2133 572 ille
2168 516 2352 571 contr'a
2373 532 2524 585 qnam
2560 506 2682 583 spes

1612 604 1679 651 de
1701 616 1764 650 eo
1786 599 1964 664 fuerit,
1997 600 2261 664 egregium
2301 598 2487 647 ducem
2520 610 2575 646 se
2598 610 2683 645 os-

1612 681 1885 730 tendisset.
1924 680 2289 729 Freinshemius.

1662 757 1889 807 Canos.
1911 757 2083 806 Urbem
2099 756 2289 804 Achaia
2306 749 2580 816 Nicopolin]
2592 750 2683 800 Ni-

1609 835 1799 896 oopolis,
1817 849 1931 899 qnoe
1949 839 2005 883 et
2025 833 2279 883 Ambracia
2301 830 2511 890 dicitur,
2543 842 2684 892 quae-

1613 926 1711 976 que
1729 919 2002 961 exstructa
2017 917 2098 960 est
2113 910 2178 959 ab
2195 908 2427 970 Augusto
2444 910 2559 969 post
2573 904 2683 953 An-

1614 989 1810 1037 tonium
1832 995 1889 1038 et
1911 988 2243 1052 Cleopatram
2267 987 2455 1047 victos,
2477 983 2531 1032 iu
2558 980 2689 1031 Ama

1613 1065 1873 1129 philochia
1891 1073 1992 1126 est,
2011 1079 2109 1114 non
2143 1063 2195 1112 in
2231 1077 2295 1112 ea
2310 1077 2425 1127 quie
2463 1074 2586 1109 vere
2618 1072 2684 1107 ac

1614 1142 1824 1206 proprie
1872 1140 2059 1192 Achaia
2103 1140 2314 1201 dicitnr,
2354 1152 2471 1203 quaa
2509 1141 2593 1185 est
2630 1134 2684 1183 in

1615 1220 1999 1284 Peloponneso,
2033 1217 2124 1268 sed
2149 1224 2316 1268 totam
2358 1215 2501 1264 illam
2539 1227 2684 1263 oram

1613 1297 1752 1347 iuter
1769 1298 2136 1347 Macedoniam
2162 1302 2219 1345 et
2240 1294 2685 1357 Peloponnesum,

1614 1384 1819 1427 veteres
1839 1378 2097 1428 interdum
2110 1376 2307 1427 Aehoioe
2322 1374 2528 1424 nomine
2546 1386 2683 1422 com-

1612 1456 2026 1519 prehendebant.
2093 1455 2207 1505 Sita
2226 1460 2401 1503 autem
2420 1458 2502 1501 est
2519 1450 2685 1500 Nico-

1615 1534 1747 1597 polis
1771 1533 1838 1582 ad
1861 1533 2025 1582 sinum
2045 1531 2401 1590 Ambracium,
2429 1527 2684 1577 exadver-

1614 1625 1725 1660 sum
1741 1610 1897 1660 Actio
1920 1609 2302 1661 Promontorio.
2340 1608 2586 1657 Muretus.

1682 1688 2042 1745 Quasitissimis
2104 1684 2381 1747 honoribus]
2449 1681 2686 1732 Verbum

1611 1765 1984 1815 Sallustianum
2016 1778 2046 1814 e
2079 1761 2306 1814 secundo
2341 1759 2687 1810 historiarum.

1617 1843 1853 1892 Muretus.
1920 1841 2089 1891 Video
2152 1838 2480 1889 doctissimos
2543 1835 2688 1884 viros

1615 1918 1705 1967 illa
1728 1925 1909 1967 vetera
1938 1915 2334 1967 Atheniensium
2364 1913 2508 1963 facta
2528 1910 2694 1961 dicta·

1617 2008 1734 2060 qne,
1756 2010 1819 2044 ea
1842 1991 2198 2058 interpretari,
2228 1991 2414 2056 quibus
2437 1988 2538 2059 ipsi
2561 1982 2712 2036 olim'

1617 2070 1865 2136 ejusmodi
1887 2085 2190 2135 magnorum
2221 2067 2479 2132 hospitum
2500 2063 2692 2114 adven-

1618 2156 1728 2199 tum
1751 2150 2122 2198 honestassent.
2189 2147 2306 2197 Nec
2339 2144 2523 2210 probo.
2590 2142 2695 2190 Ra-

1617 2227 1786 2276 tiones
1806 2227 1858 2275 in
1897 2232 2142 2291 promptu
2176 2230 2316 2287 sunt,
2349 2227 2405 2271 et
2430 2227 2574 2271 recte
2599 2233 2690 2268 ex·

1620 2303 1847 2367 putanti,
1864 2302 1915 2351 in
1937 2312 2140 2367 aperto.
2197 2300 2281 2351 An
2302 2297 2549 2358 dixerint,
2566 2294 2689 2345 olim

1618 2380 1873 2445 ejusmodi
1930 2380 2221 2443 Principes,
2276 2377 2496 2439 maiores
2551 2387 2692 2436 snos,

1620 2472 1835 2523 quorum
1858 2472 1939 2507 res
1964 2455 2308 2514 florentioreS,
2329 2453 2526 2517 majore
2550 2464 2693 2515 pom-

1619 2549 1685 2598 pa
1708 2533 1994 2597 excepisse,
2017 2548 2113 2582 nec
2139 2546 2193 2581 se
2226 2529 2507 2581 imminutis
2532 2526 2690 2576 rebus

1619 2609 1744 2672 suis,
1781 2609 1962 2659 eadem
1985 2607 2355 2659 Germanicum
2380 2619 2518 2654 nunc
2542 2594 2693 2666 posse

1616 2685 1921 2735 honestare?
1954 2684 2085 2736 Quis
2103 2682 2314 2733 credat?
2345 2678 2540 2730 Scribit
2553 2678 2710 2747 enim,

1618 2761 1704 2811 hic
1727 2761 1960 2811 disertim
1983 2761 2211 2826 Tacitus,
2232 2757 2584 2826 quaesitissimis
2608 2756 2694 2804 ho-

1617 2839 1811 2888 noribus
1840 2840 2214 2890 Germanicum
2246 2852 2384 2887 nunc
2421 2835 2577 2897 fuisse
2610 2833 2694 2883 -asb

1619 2916 1838 2968 fectum.
1898 2918 2049 2966 Tales
2076 2916 2152 2966 illi
2174 2921 2312 2978 sunt,
2352 2913 2538 2979 quihus
2562 2910 2715 2981 nihil·

1619 3000 1797 3057 potest
1819 2993 1960 3042 addi.
2026 2993 2166 3042 Num
2198 3006 2325 3041 vero
2349 2987 2694 3054 exposuerint

1619 3070 1886 3119 historiam
1920 3084 1980 3119 ac
2021 3069 2205 3118 seriem
2247 3065 2503 3131 ejusdem,
2538 3063 2692 3126 cujus

1620 3145 1982 3208 Germanicus,
1998 3152 2089 3195 aut
2107 3144 2342 3208 majoris,
2365 3149 2455 3191 aut
2478 3140 2694 3190 minoris

1620 3223 1720 3271 loci
1766 3223 2089 3287 Principum,
2145 3223 2231 3287 qui
2289 3217 2571 3284 aliqnando
2627 3215 2695 3265 ab

1619 3300 2024 3350 Atheniensibus
2065 3293 2172 3348 hoc'
2205 3305 2295 3347 aut
2343 3296 2496 3346 simili
2537 3294 2696 3368 modo

1619 3376 1816 3427 fuerint
1838 3377 2083 3441 excepti?
2139 3375 2267 3427 Quis
2289 3373 2506 3423 credat?
2555 3373 2695 3424 Quo·

1619 3454 1773 3504 modo
1793 3454 1848 3503 id
1872 3452 2061 3503 fecerit
2082 3451 2148 3501 ad
2178 3451 2380 3513 horum,
2410 3447 2620 3514 quidvis
2642 3447 2697 3496 in

1622 3531 1987 3581 Germanicum
2047 3526 2288 3579 conferre
2350 3526 2696 3586 studentium,

1621 3607 1955 3656 institutum?
2011 3603 2451 3655 commemoratio
2492 3600 2697 3666 parium

1624 3688 1715 3732 aut
1747 3683 1999 3746 majorum
2039 3681 2365 3745 Principum,
2413 3678 2700 3743 conjuncta

1621 3755 1810 3812 fuisset
1830 3776 1946 3811 cum
1970 3760 2152 3811 minori
2175 3758 2519 3809 aestimatione
2544 3758 2702 3808 bene·

1621 3838 1744 3901 ficii,
1776 3853 1876 3903 quo
1916 3853 2053 3887 nunc
2092 3852 2124 3886 a
2154 3837 2471 3890 Germanico
2506 3833 2702 3890 afficie-

1623 3914 1814 3964 bantur
1835 3912 2220 3973 Athenienses;
2255 3911 2345 3977 qui
2368 3911 2507 3960 haud
2533 3910 2717 3974 dubie²

1622 3990 1718 4040 hoc
1757 4003 2024 4051 summum,
2068 3996 2123 4038 et
2166 3988 2481 4037 rarissimum
2518 3988 2702 4037 volue-

1624 4060 1748 4115 runt
1760 4064 2122 4128 interpretari:
2148 4064 2430 4133 minoribus
2447 4062 2714 4125 dicendis,'

1624 4142 1764 4207 quod
1806 4141 1972 4207 quivis
2017 4140 2184 4202 videt,
2236 4140 2408 4189 nullus
2452 4139 2540 4188 hic
2583 4146 2704 4189 erat

1623 4221 1785 4268 locus.
1821 4218 2006 4283 Itaque
2028 4218 2181 4282 longe
2207 4219 2311 4267 alia
2332 4232 2477 4267 mens
2499 4206 2580 4266 est
2602 4217 2704 4266 Ta·

1625 4298 1737 4346 citi.
1802 4298 1933 4349 Quae
1959 4298 2074 4361 ipsa
2094 4297 2273 4360 colligi
2297 4303 2493 4360 potest,
2529 4311 2595 4344 ex
2622 4296 2727 4351 his,

1627 4376 1741 4442 ejus
1780 4374 1989 4438 verbis3
2043 4376 2060 4405 ‘
2085 4390 2190 4440 quo
2235 4376 2353 4440 plus
2393 4372 2715 4441 (lignationis=
2732 4366 2751 4375 ““
