3009 4942
407 418 585 491 4806
1100 436 1320 488 κοτε.
1371 438 1777 490 vammum
1825 439 1907 488 m

478 578 611 630 Cn.
645 582 726 629 16.
768 577 996 642 Voodioo]
1029 577 1168 629 Anu.
1196 593 1311 630 xxv.
1338 580 1474 630 Scri-

411 649 554 706 bitur
575 664 746 705 autem
772 657 886 719 ejus
928 670 1114 705 nornen
1155 658 1385 707 Boodicio
1418 666 1474 706 et

411 731 683 793 Boudicca:
719 734 770 780 iu
794 733 1041 794 Xipbiiiui
1067 733 1210 783 libris
1241 731 1475 783 Βοννδουΐ·

408 823 488 858 sa.
520 807 764 861 Surium.

475 885 646 942 Sedent
667 885 934 949 servitutis]
982 885 1114 935 Vide
1137 887 1383 938 Flaccum
1409 886 1475 936 de

409 961 608 1012 condit.
638 978 806 1015 autor.
885 964 1076 1012 Brutus
1101 963 1240 1026 apud
1278 962 1475 1029 Appia·

405 1053 530 1092 num
544 1041 596 1090 iu
612 1042 859 1090 concione
879 1040 945 1090 ad
965 1049 1253 1091 veteranos.
1272 1041 1474 1094 Virdun.

470 1117 652 1168 Amisit
675 1117 774 1182 iro]
823 1119 1070 1182 Reposui‚
1106 1119 1283 1168 omisit.
1340 1119 1475 1168 Rue-

406 1208 590 1244 nauus.

475 1270 560 1319 Iro
580 1276 627 1320 et
648 1269 870 1334 victorio]
936 1271 1017 1320 Ex
1060 1271 1273 1321 Senecae
1317 1272 1475 1324 Troa-

407 1348 592 1398 dibus:
626 1350 642 1376 ⁸
684 1348 775 1397 sed
816 1348 927 1414 regi
965 1348 1126 1399 frenis
1163 1350 1360 1424 nequit,
1406 1352 1476 1402 Et

402 1427 501 1491 ira,
522 1435 575 1476 et
598 1429 783 1477 ardens
799 1429 984 1493 hostis,
1004 1438 1059 1480 et
1087 1430 1338 1482 victoria!
1365 1432 1475 1481 Vir·

405 1505 612 1566 «tangam
680 1507 971 1556 Scriverius
1008 1508 1372 1573 suspicabatur
1395 1524 1474 1558 re-

405 1581 747 1643 sumendum,
779 1584 909 1632 irato
945 1583 1162 1633 victorio.
1230 1584 1375 1634 Nihil
1399 1591 1475 1634 te-

406 1671 551 1706 mere
573 1659 876 1709 mutandum
899 1661 1158 1710 existimo.
1223 1662 1472 1713 Bos-horn.

472 1734 773 1784 Conscientia
792 1736 1092 1802 ‹Idea-tionis]
1135 1738 1336 1789 Delicti
1352 1755 1473 1789 cou-

404 1808 625 1858 scientia
685 1819 742 1860 et
784 1814 951 1862 veniae
1008 1813 1305 1879 desperatio
1351 1816 1474 1881 quid

406 1886 548 1948 apud
570 1887 743 1935 hostes
778 1891 960 1952 possit,
1000 1890 1268 1942 luculento
1301 1907 1474 1942 exem·

406 1963 496 2026 plo
558 1963 986 2028 Illurgitanorum
1045 1969 1289 2021 discimus
1334 1970 1472 2036 apud

403 2038 614 2091 Livium
631 2041 718 2091 lib.
742 2056 950 2094 xxvur.
1027 2045 1316 2112 Virduagus.

466 2117 765 2180 Arroganter
796 2119 848 2169 in
883 2120 1089 2187 debitos]
1152 2125 1288 2174 Vide
1331 2124 1472 2176 Anu.

405 2205 525 2245 Χιν.
548 2200 608 2244 et
626 2196 852 2246 Dionem
874 2198 964 2248 lib.
987 2212 1124 2251 un.
1157 2201 1308 2252 Idem.

468 2271 710 2336 Tanquam
731 2275 1018 2324 exorabilior
1038 2281 1086 2326 et
1106 2277 1315 2343 delictis]
1376 2282 1472 2332 Le·

405 2348 617 2399 vissima
659 2352 948 2401 mutatione
993 2352 1222 2418 legerem
1258 2363 1314 2407 et
1369 2359 1472 2409 dis-

403 2424 725 2490 tinguerem:
758 2432 979 2493 conquam
1016 2431 1320 2482 exorabilior.
1372 2435 1472 2492 Qui

400 2501 588 2552 delictis
607 2504 814 2555 hostium
835 2521 999 2570 novus,
1019 2523 1161 2572 eoque
1175 2512 1472 2574 poenitentia

399 2578 583 2642 mitior,
603 2583 886 2645 compositis,
899 2585 979 2645 ὅτ.
1023 2582 1273 2636 Pichena.

471 2659 712 2708 Comitote
731 2663 932 2724 quadam
953 2661 1174 2726 curandi]
1237 2662 1374 2714 Dum
1396 2664 1468 2714 le-

400 2732 565 2784 nitate
607 2735 774 2786 dulcis
811 2746 897 2787 est
940 2752 1065 2802 erga
1107 2739 1470 2804 provinciales,

403 2825 684 2877 eorumque
724 2828 951 2864 amorem
980 2830 1181 2866 morum
1214 2817 1372 2868 etiam
1393 2818 1468 2870 fa·

398 2886 599 2942 cilitate
621 2895 675 2937 et
697 2890 947 2940 comitate
971 2899 1314 2955 promeretur.
1359 2895 1469 2945 Vir·

398 2965 599 3026 duugus.

466 3039 775 3088 Manentibus
824 3042 977 3090 adhuc
1029 3043 1269 3108 civilibus]
1337 3047 1467 3098 Nul-

398 3114 507 3163 lum
529 3120 613 3163 est
639 3114 928 3179 discipliuae
949 3118 1186 3169 militaris
1209 3137 1464 3176 venenum

398 3201 588 3252 magno
612 3188 751 3239 bello
774 3191 944 3241 civili:
977 3208 1096 3244 nam
1121 3210 1217 3259 per
1234 3198 1287 3247 id
1303 3198 1464 3250 duces

395 3268 607 3320 obnoxii
669 3272 969 3339 plerumque
1018 3276 1270 3328 militibus
1323 3288 1466 3344 sunt,

395 3357 757 3415 cogunturque
791 3365 879 3402 eos
916 3353 1035 3403 laxe
1058 3353 1270 3420 habere,
1307 3372 1374 3407 ne
1397 3358 1464 3408 ad

394 3423 719 3476 adversarios
743 3433 1030 3479 transeant.
1097 3431 1258 3482 Idem..

463 3499 705 3553 Caum.
744 3503 857 3553 Nisi
895 3508 1015 3568 quod
1053 3507 1294 3572 innocens]
1339 3510 1466 3563 Qui·

401 3576 715 3640 buscmnque
759 3581 1021 3631 exercitus
1067 3583 1209 3635 dicto
1250 3586 1464 3638 audieus

401 3668 497 3700 nun
529 3654 645 3716 fuit,
665 3662 755 3704 aut
779 3656 913 3705 male
938 3673 996 3707 re
1016 3667 1168 3722 gesta
1199 3660 1462 3715 fortunam

397 3728 641 3792 defuisse,
655 3737 745 3781 aut
762 3731 935 3796 aliquo
949 3732 1182 3785 facinore
1195 3747 1464 3804 comperto

397 3808 666 3856 avaritiam
705 3823 817 3858 esse
862 3811 1176 3875 convictam,
1198 3815 1374 3865 Caesar
1395 3817 1463 3866 de

397 3884 533 3932 heliu
577 3886 712 3936 Gan.
758 3899 798 3936 1.
867 3887 936 3937 Et
978 3889 1266 3951 gratiosam
1305 3893 1463 3942 etiam

397 3960 529 4024 apud
577 3963 784 4012 turbam
829 3963 1108 4014 militarem
1164 3980 1276 4015 esse
1320 3967 1464 4018 ducis

393 4036 501 4084 sire
529 4039 854 4100 imperatoris·
887 4040 1238 4091 innocentiam
1280 4044 1464 4096 Cicero

393 4116 445 4160 in
509 4115 790 4165 Maniliana
834 4114 1068 4181 pluribus
1122 4117 1463 4173 demonstrat.

413 4192 701 4252 F'irduugus.
1406 4222 1417 4234 ·

465 4268 977 4333 Brigantum-ponem]
1011 4271 1304 4323 Comitatus
1324 4273 1464 4324 Ebo-

397 4340 625 4388 fanensis
649 4349 703 4394 et
721 4343 1066 4412 Lancastfiae,
1093 4349 1463 4402 Westmerlun-

373 4622 454 4672 h

1549 581 1654 640 dis,
1708 579 2130 643 Comberlandia,
2166 586 2223 632 et
2260 579 2627 646 Episcopatus

1553 659 1932 708 Duneimensis.
1967 656 2212 708 Sotimus.

1625 735 1709 784 Vir
1739 750 1959 797 magnus,
1994 744 2217 800 quantum
2251 733 2445 798 licebat]
2488 734 2633 786 Vide

1552 819 1604 860 et
1628 808 1821 872 fruere,
1853 827 1981 875 quas
2003 811 2068 860 ad
2104 813 2235 860 hunc
2275 813 2449 861 iocum
2485 826 2637 876 sym-

1556 888 1686 937 bolis
1740 890 1968 938 contulit
2008 889 2061 942 J.
2102 889 2359 940 Gruterus
2419 905 2537 952 par.
2580 893 2634 945 2.

1553 966 1696 1014 Diss.
1732 965 1796 1016 ad
1829 967 2083 1016 Tacitum.
2127 967 2415 1029 Virdungus.
2469 965 2502 994 ¹*
2522 982 2640 1017 sus-

1554 1041 1709 1091 tinuit
1746 1042 1915 1094 Julius
1955 1042 2249 1091 Frontinus.
2335 1043 2506 1090 Plana
2544 1049 2639 1094 est

1553 1119 1830 1181 sententia,
1851 1119 1917 1168 de
1952 1119 2098 1183 cujus
2125 1120 2346 1169 veritate
2389 1118 2640 1169 dubitari

1553 1208 1653 1242 non
1704 1193 1882 1244 debet.
1954 1195 2198 1244 Boxhorn.
2283 1195 2395 1258 Ego
2445 1201 2637 1243 tamen

1553 1268 1791 1332 Gruteri,
1834 1271 2111 1336 Vin-dungi,
2144 1273 2468 1336 Berueggeri
2509 1286 2636 1321 sen·

1553 1349 1769 1399 tentiam
1794 1350 2045 1401 veriorem
2079 1364 2285 1400 censeo.
2332 1351 2634 1400 Gronovius.

1614 1426 1929 1492 Lamumque
1981 1428 2303 1495 difficultates]
2373 1422 2636 1477 Arbitror

1548 1503 1622 1552 sic
1642 1505 1879 1554 habuisse
1897 1506 2149 1558 sinceram
2171 1505 2464 1564 flectionem,
2479 1519 2638 1568 super

1548 1581 1775 1630 virtutem
1811 1580 2036 1642 hostium,
2059 1583 2261 1631 locorum
2294 1595 2470 1644 quoque
2496 1582 2637 1647 dff-

1550 1660 1751 1708 cultotes
1782 1660 2025 1708 eluctatus.
2088 1659 2176 1708 Sic
2216 1657 2357 1707 Hist.
2399 1657 2493 1707 lib.
2537 1671 2638 1709 111.

1551 1737 1567 1763 ⁸
1595 1736 1737 1786 nives
1759 1735 2145 1786 eluctantibus!
2180 1735 2450 1784 Rhenanus.

1616 1813 1750 1864 CAP.
1786 1817 1866 1862 18.
1902 1811 2044 1863 Alam
2072 1812 2126 1862 in
2150 1812 2335 1878 finibus
2351 1811 2452 1862 suis
2471 1827 2641 1876 agen-

1550 1889 1670 1952 tem]
1721 1889 1849 1938 Cum
1896 1891 1978 1938 aia
2006 1889 2213 1939 dicatur
2247 1896 2301 1938 et
2337 1888 2404 1937 de
2437 1889 2645 1952 equiti·

1552 1964 1648 2015 bus
1672 1972 1726 2013 et
1761 1965 1826 2015 de
1858 1966 2139 2030 peditibus,
2172 1973 2232 2014 ut
2254 1966 2458 2028 Lipsius
2503 1980 2639 2028 pro-

1550 2040 1642 2090 bat
1666 2041 1734 2091 de
1773 2042 1880 2092 mil.
1921 2042 2073 2092 Rom.
2098 2055 2160 2090 11.
2198 2046 2249 2091 ¹1.
2283 2042 2368 2090 hic
2407 2041 2640 2091 dubium

1548 2133 1660 2168 esse
1698 2126 1893 2184 potest,
1928 2118 1992 2168 ad
2032 2127 2175 2168 utros
2213 2119 2281 2168 sit
2320 2117 2643 2169 referenda.

1548 2195 1735 2244 Verius
1760 2204 1932 2245 tamen
1954 2202 2100 2261 puto,
2120 2195 2251 2246 alam
2285 2195 2528 2260 equitum
2553 2195 2641 2246 in·

1550 2272 1734 2338 telligi.
1771 2273 2001 2322 Pichena.

1620 2348 1687 2397 Ut
1703 2349 1865 2412 quibus
1883 2348 2051 2398 bellum
2066 2347 2328 2399 volentibus
2345 2347 2473 2412 erut]
2498 2349 2639 2398 Vel-

1548 2425 1672 2486 lem,
1693 2432 1747 2475 ut
1769 2425 2040 2490 quibusque.
2076 2425 2294 2490 Lipsius.

1616 2502 1797 2559 Quibus
1835 2504 2004 2553 bellum
2040 2503 2299 2554 volentibus
2318 2501 2449 2566 erut]
2504 2504 2642 2554 Ele·

1548 2580 1848 2642 gantissima
1883 2579 2108 2631 locutio:
2155 2580 2252 2629 hoc
2286 2585 2382 2642 est,
2401 2581 2495 2644 qui
2519 2579 2643 2633 bel-

1548 2656 1653 2705 lum
1700 2657 1913 2708 vellent.
1984 2658 2172 2708 Graeca
2212 2656 2377 2722 figura
2420 2663 2527 2722 est,
2562 2658 2639 2708 de

1549 2747 1651 2797 qua
1685 2733 1738 2782 in
1762 2734 2016 2784 vestibulo
2048 2735 2220 2800 operis
2244 2735 2638 2798 admonuimus,

1546 2817 1602 2858 et
1635 2808 1740 2859 suis
1780 2820 2041 2875 praeterea
2073 2812 2223 2861 locis.
2287 2811 2372 2860 Sic
2410 2811 2558 2862 Anu.
2585 2826 2638 2862 Ι.

1542 2887 1559 2914 ‘
1583 2887 1872 2953 quibusque
1913 2890 2104 2939 bellum
2140 2889 2316 2939 invitis
2351 2896 2442 2939 aut
2472 2891 2641 2957 cupi-

1545 2965 1754 3015 entibus
1800 2967 1951 3017 erat!
2001 2966 2116 3016 Lib.
2141 2980 2234 3015 xv.
2268 2972 2282 2994 ‘
2308 2966 2418 3015 haec
2452 2974 2631 3033 atque

1543 3042 1673 3092 talia
1687 3042 1832 3107 plebi
1849 3045 2043 3093 volenti
2061 3042 2242 3094 fuere.’
2261 3044 2347 3094 Sic
2365 3044 2511 3095 Hist.
2530 3059 2633 3100 ιιι.

1542 3120 1559 3147 ‘
1585 3120 1716 3169 etin
1741 3119 1898 3170 verba
1932 3121 2239 3185 Vespasiani
2263 3120 2403 3184 adigi
2439 3122 2633 3172 volen-

1542 3196 1681 3247 tibus
1698 3196 1835 3248 fuit:
1868 3197 1971 3256 Ubi
1993 3199 2164 3262 vulgo,
2188 3198 2384 3248 liberum
2394 3198 2525 3262 fuit,
2549 3200 2635 3250 le-

1541 3274 1776 3339 gebatur.
1842 3275 2045 3325 Eodem
2078 3289 2200 3324 mox
2233 3274 2363 3323 libro
2386 3277 2636 3338 reposui-

1540 3367 1671 3413 mus,
1712 3353 1939 3403 Muciano
1971 3352 2147 3402 volenti
2179 3351 2450 3414 rescripsere
2466 3367 2490 3409 ,·
2526 3352 2632 3419 nbi

1540 3436 1717 3490 antea,
1768 3430 1988 3480 volentia.
2045 3428 2341 3478 Rhenanus.
2406 3429 2634 3481 Laudat

1540 3497 1831 3571 probatque
1860 3507 2223 3573 Berueggerus
2246 3503 2471 3554 adducto
2497 3509 2630 3569 pari

1536 3583 1656 3632 loco
1692 3597 1759 3632 ex
1791 3584 1929 3633 Anu.
1968 3596 2031 3634 11.
2061 3584 2075 3610 ‘
2102 3589 2162 3631 ut
2187 3581 2480 3646 quibusque
2506 3581 2631 3633 bel-

1536 3657 1641 3707 lum
1686 3658 1867 3708 invitis
1913 3664 2006 3708 aut
2066 3657 2398 3722 cupientibus
2454 3657 2626 3710 erat.'

1540 3736 1739 3801 Estque
1786 3735 2104 3785 Graecismus
2162 3735 2351 3798 passim
2400 3737 2628 3788 'auctori

1536 3819 1715 3861 nostro
1754 3810 1806 3860 in
1837 3826 1949 3861 usu.
2017 3811 2280 3861 Caeterum
2323 3811 2628 3865 mutatione

1537 3888 1677 3936 uuila
1710 3895 1795 3936 est
1846 3901 1997 3952 opus,
2036 3887 2157 3938 dum
2199 3888 2412 3952 vulgata
2448 3889 2624 3941 lectio

1537 3970 1677 4012 stare
1718 3970 1907 4026 potest.
1975 3963 2079 4016 Qui
2120 3963 2173 4013 in
2224 3964 2415 4013 bellum
2453 3965 2626 4027 proni

1538 4047 1690 4088 erant
1734 4039 2019 4091 laudabant
2064 4039 2385 4089 Ordovicum
2439 4031 2625 4094 exemss

1539 4116 1679 4180 plum
1699 4124 1757 4165 et
1779 4116 2147 4181 sequebantur.
2181 4118 2514 4167 Boxhornius.

1602 4193 1817 4244 Probare
1847 4193 2135 4258 exemplum]
2185 4194 2247 4243 Id
2289 4203 2389 4259 est,
2413 4194 2618 4247 Proba-

1537 4267 1648 4333 bat,
1669 4268 1888 4318 subaudi
1913 4270 2216 4334 provincia:
2255 4287 2316 4322 ac
2336 4271 2538 4338 operiri,
2558 4272 2619 4327 id

1521 4354 1636 4412 est,
1692 4347 2047 4414 operiebatur
2095 4349 2323 4402 animum
2374 4352 2615 4405 recentis
