3009 4942
493 372 675 443 3914

491 534 763 598 primores,
798 534 863 586 de
885 535 1067 602 quibus
1088 537 1173 588 liic
1199 540 1386 603 agitur.
1455 540 1564 590 Pro

489 618 817 676 perrumpunt,
831 615 1093 678 rescripsi,
1106 617 1385 680 pra-ferunt.
1426 617 1562 677 Hoc,

496 693 588 737 aut
606 688 772 737 simile
793 691 1008 740 verbum
1045 692 1157 755 ipsa
1182 693 1443 742 sententia
1475 707 1564 757 pa-

493 765 597 817 lam
635 767 864 830 requirit.
934 769 1184 832 Cogitent
1219 771 1425 820 interim
1460 771 1565 833 alii,

494 855 559 890 au
571 840 679 904 ejus
695 842 1083 905 significationis
1096 846 1232 894 aliud
1245 847 1562 897 substituere

477 919 713 983 -possint,
738 921 876 984 quod
903 921 1069 969 minus
1102 924 1252 971 abeat
1277 938 1307 972 a
1329 925 1561 987 vestigiis

495 996 896 1059 corruptissimae
919 998 1157 1047 lectionis
1182 1002 1417 1063 vulgatas.
1450 1002 1561 1050 Sal-

479 1076 601 1120 -tem
624 1072 739 1134 hoc,
777 1073 916 1137 quod
942 1075 1276 1141 reddidimus,
1304 1093 1405 1126 uon
1428 1079 1561 1128 adeo

493 1147 648 1210 longe
673 1148 738 1196 ab
761 1148 821 1197 iis
845 1148 1095 1200 deflectit.
1131 1153 1452 1204 Boxhornius.

479 1254 482 1259 -
564 1224 663 1279 Qui
680 1230 727 1272 te
743 1227 893 1274 invito
907 1232 1240 1295 perrumpunt]
1275 1232 1338 1280 Id
1356 1239 1454 1293 est,
1471 1233 1561 1298 qui

475 1299 559 1348 -ad
582 1315 681 1364 me,
720 1303 876 1352 etiam
911 1309 966 1352 te
1004 1306 1229 1370 nolente,
1265 1316 1563 1374 penetrant,

481 1390 677 1440 meque
725 1377 790 1427 de
834 1380 1069 1430 omnibus
1109 1386 1403 1435 consulunt.
1473 1388 1560 1435 Pi-

489 1452 649 1501 chena.
718 1453 933 1505 Minime
967 1458 1079 1507 vult
1102 1469 1304 1524 auctor,
1331 1463 1421 1511 bos
1444 1477 1561 1527 per-

489 1542 735 1592 rumpere
769 1532 835 1580 ad
872 1534 1153 1600 Tiberium,
1174 1539 1271 1588 &c.
1295 1553 1431 1600 non3
1468 1540 1559 1589 sed

491 1605 560 1654 ad
575 1606 837 1672 Sejanum,
852 1616 912 1660 ut
930 1611 1081 1675 plane
1099 1621 1251 1678 urget
1270 1630 1430 1665 nexus
1449 1632 1561 1666 ora·

489 1682 664 1746 tionis,
703 1691 953 1750 patetque
988 1689 1114 1738 satis
1151 1705 1216 1739 ex
1251 1692 1404 1755 hujus
1440 1693 1560 1743 libri

479 1760 671 1823 capite
689 1765 737 1811 2.
754 1761 881 1811 item
902 1764 1066 1814 Cassii
1090 1766 1179 1816 lib.
1197 1781 1334 1818 nvn.
1358 1784 1459 1819 non
1484 1770 1560 1820 ita

481 1837 645 1901 -longe
670 1854 700 1887 a
733 1839 867 1902 fine;
891 1844 1048 1907 cujus
1085 1836 1242 1895 v'erba
1270 1861 1373 1896 non
1406 1854 1561 1898 vacat

490 1929 629 1965 nuuc
647 1928 928 1981 apponere.
968 1922 1225 1972 Gruterus.
1292 1926 1461 1982 Locus
1478 1933 1562 1976 sat

488 1990 766 2043 intricatus
785 2001 842 2044 et
859 1995 1104 2060 difficilis,
1122 1999 1269 2063 cujus
1286 2000 1422 2051 hunc
1444 2014 1562 2052 esse

487 2083 694 2119 sensum
717 2074 868 2123 multi
905 2081 1115 2139 putant,
1150 2093 1238 2126 eos
1270 2079 1436 2128 invito
1474 2082 1561 2130 Se·

481 2144 609 2208 jano
635 2147 701 2195 ad
724 2148 995 2200 Tiberium
1027 2165 1386 2218 perrumpere,
1420 2171 1559 2205 eum-

490 2236 592 2286 que
614 2226 907 2289 consulere,
930 2228 1067 2292 quod
1086 2229 1360 2279 absurdum
1382 2233 1561 2283 existi·-

487 2313 591 2349 mo.
660 2301 799 2352 Quid
841 2304 1009 2353 enim?
1055 2305 1260 2371 Aliquis
1298 2309 1563 2375 princeps,

488 2378 579 2442 qui
618 2379 829 2444 quidem
856 2396 958 2431 non
983 2383 1052 2432 sit
1087 2389 1322 2434 extreme
1347 2388 1557 2451 stultus,

488 2455 707 2505 amicum
729 2457 935 2521 habeat,
959 2476 989 2507 a
1012 2475 1114 2524 quo
1133 2462 1270 2522 norit
1294 2464 1418 2514 alios
1440 2480 1559 2528 pro-

486 2530 673 2595 hiberi,
696 2549 762 2583 ne
788 2550 843 2583 se
865 2537 1215 2587 conveniant?
1251 2545 1306 2588 et
1329 2541 1372 2589 si
1398 2542 1553 2603 norit,

487 2608 756 2672 patiatur?
802 2618 857 2659 et
897 2611 940 2661 si
978 2613 1224 2677 patiatur,
1261 2617 1418 2666 etiam
1458 2618 1559 2682 ipsi

485 2683 564 2732 illi
587 2686 806 2748 aperiat,
829 2694 885 2736 et
906 2690 1046 2739 velut
1068 2690 1315 2741 indicium
1335 2693 1561 2759 deferat,

488 2761 621 2825 quiS,
638 2777 740 2826 qua
751 2762 816 2811 de
828 2778 1047 2816 causa‘se
1063 2770 1376 2818 accesserit?
1396 2772 1557 2821 Dein-

487 2837 558 2886 de
601 2839 763 2888 amico
819 2852 930 2889 eam
964 2845 1248 2904 potentiam
1302 2850 1558 2901 concedat

489 2914 777 2978 Princeps:
818 2917 931 2981 quis
956 2932 1017 2967 eo
1039 2920 1204 2969 invito
1228 2923 1420 2975 audeat
1443 2941 1558 2990 per-

488 3003 759 3053 rumpere
750 2993 767 3026 Ρ
803 2996 1097 3056 praesertim
1116 2997 1158 3045 si
1183 2999 1292 3049 ab
1279 3015 1391 3063 ipso
1414 3004 1557 3066 prin

486 3067 608 3130 cipe
627 3069 899 3132 prodatur.
953 3074 1055 3122 Sed
1076 3074 1255 3126 desino
1272 3090 1556 3144 congerere

486 3143 653 3192 multa
690 3152 744 3194 et
779 3161 903 3195 sane
926 3150 1234 3212 ponderosa.
1300 3155 1556 3207 Quorsum

485 3219 623 3270 enim
669 3222 773 3272 ista
813 3224 1147 3278 dicerentur?
1213 3232 1559 3295 Expeudatur

486 3310 588 3360 quo
609 3298 663 3346 in
686 3309 990 3364 argumento
1015 3314 1256 3356 versetur
1280 3323 1449 3358 sermo
1470 3312 1556 3360 -Ti-

487 3370 640 3436 berii,
679 3378 909 3441 uunquid
948 3379 999 3428 in
1038 3381 1137 3431 hoc
1180 3391 1236 3432 ut
1277 3385 1463 3449 Sejano
1500 3388 1554 3436 in

485 3451 715 3512 equestri
737 3459 875 3502 statu
899 3469 955 3503 se
976 3470 1362 3518 permansurum
1387 3468 1561 3511 osten-

486 3522 630 3572 denti
653 3528 970 3589 respondeat
994 3547 1005 3577 :
1043 3541 1301 3597 negetque
1324 3535 1375 3584 id
1399 3535 1554 3587 facile

483 3598 629 3650 fore:
666 3603 989 3668 Quamquam
1027 3609 1161 3656 euim
1186 3610 1253 3659 de
1290 3613 1426 3662 illius
1449 3630 1554 3664 mo·

484 3676 653 3729 destia
673 3692 777 3733 non
803 3678 1009 3731 dubitet
1043 3683 1131 3748 (ac
1171 3686 1413 3748 profecto
1451 3704 1553 3739 uon

479 3752 778 3819 dubitabat)
816 3756 940 3805 alios
975 3764 1153 3809 tamen
1190 3763 1346 3812 etiam
1369 3768 1552 3819 nolen-

484 3837 591 3880 tem
610 3832 673 3881 ad
691 3833 892 3896 majora
906 3838 1260 3899 propulsuros,
1283 3850 1338 3891 et
1356 3846 1554 3895 modes-

482 3909 607 3959 tiam
630 3910 743 3973 ejus
774 3921 1161 3998 expugnaturos
1186 3932 1316 3969 esse.
1361 3921 1552 3987 quue

484 3985 649 4033 adeo'
629 4001 739 4048 Jam
766 3988 986 4052 coepisse
1004 3990 1139 4055 fieri,
1154 4009 1310 4058 quum
1330 3998 1448 4062 sint,
1465 4003 1552 4065 qui

481 4061 643 4111 invito
666 4078 728 4113 eo
751 4077 1094 4132 perrumpant
1126 4071 1301 4135 illam;
1342 4078 1552 4143 ejusque

482 4142 815 4205 senteutiam,
847 4149 1110 4210 tamquam
1131 4149 1297 4201 intimi
1332 4154 1552 4206 Caesaris

481 4216 658 4279 amici,
698 4217 765 4267 de
803 4223 1023 4284 negotiis
1063 4229 1553 4292 exquirant31icet

480 4291 590 4358 ipsi
605 4292 700 4359 illi,
731 4301 792 4349 ut
820 4296 901 4362 fit,
935 4309 1210 4356 recentem
1236 4307 1350 4372 ejus
1383 4308 1552 4363 felici

1159 374 1422 445 ‘noris
1472 376 1876 448 vsiuomm
1925 392 2008 447 us

1639 545 1803 589 tatem
1829 539 1975 604 aegris
1994 541 2157 591 oculis
2179 538 2492 608 adspiciunt,
2512 549 2575 595 et
2584 538 2694 619 jlm

1639 621 1790 683 longe
1831 635 1988 685 snpra
2021 621 2244 685 Augusti
2279 625 2535 676 amicitias
2554 629 2705 677 eveo*-

1638 706 1747 748 tum
1771 713 1888 749 esse
1913 701 2082 763 palam
2116 699 2323 750 ferunt·
2309 738 2328 763 ,
2358 702 2498 767 quod
2540 710 2596 753 et
2628 703 2705 768 ip²

1636 791 1746 825 sum
1765 791 1827 825 eo
1845 778 2102 840 pertinet.
2138 791 2225 841 ne,
2241 778 2386 828 inum
2404 779 2537 828 intra
2554 780 2702 829 bam

1634 851 1802 902 sistere
1845 868 1900 902 se
1948 869 2119 918 posse,
2176 855 2422 907 crederet
2466 858 2705 922 Sejanus.

1637 929 2002 984 Freinshemius.

1702 1007 1871 1055 Patris
1886 1008 1979 1056 mei
1998 1007 2257 1072 amicitias]
2289 1008 2354 1059 Id
2372 1014 2476 1072 est,
2495 1010 2705 1062 amieos.

1634 1083 1906 1147 Intellegit
1923 1083 2148 1149 Augusti
2166 1085 2450 1151 Agrippam
2466 1093 2559 1138 aut
2577 1087 2706 1175 Μαι.

1635 1170 1890 1212 cenatem.
1923 1162 2130 1227 Lipsius.

1702 1239 1872 1287 Patris
1909 1241 2003 1288 mei
2045 1239 2306 1304 amicitias]
2350 1241 2703 1292 Maecenatem

1637 1320 1693 1363 et
1717 1314 2004 1379 Agrippam
2028 1317 2294 1381 intelligit,
2307 1318 2393 1383 qui
2412 1318 2464 1366 in
2483 1319 2705 1383 Augusti

1637 1392 1868 1441 amicitia
1928 1393 2242 1443 validissimi.
2340 1395 2700 1445 Potentiorem

1638 1476 1812 1520 tamen
1846 1472 2086 1536 Sejauum
2111 1473 2251 1538 apud
2272 1473 2541 1523 Tiberium
2564 1474 2702 1525 dice·

1637 1547 1781 1598 bant.
1822 1549 2046 1600 Pit-leena.

1702 1627 1834 1676 CAP.
1856 1631 1936 1678 41.
1973 1628 2182 1677 Rursum
2215 1626 2433 1690 Sejanus]
2468 1628 2705 1693 Accepto

1630 1703 1826 1753 Tiberii
1852 1719 2101 1769 responso
2125 1706 2293 1754 denuo
2317 1705 2585 1754 codicillos
2611 1708 2707 1754 trai-

1634 1780 1768 1830 didit
1792 1782 2035 1845 Sejanus:
2076 1781 2129 1830 id
2150 1782 2232 1830 hic
2255 1782 2567 1833 ostenditur.
2603 1783 2705 1832 Sed

1634 1856 1953 1921 interpretes
1968 1872 2067 1906 uon
2083 1858 2442 1907 adverterunt.
2481 1859 2705 1908 Freinsh‘.

1705 1935 1813 1983 Non
1834 1939 1933 1983 tam
1965 1936 2023 1982 de
2055 1934 2377 1996 matrimonio]
2413 1934 2704 1983 Emendan‘·

1635 2010 1790 2069 dum;
1825 2027 1918 2061 non
1943 2011 2069 2072 jam.
2137 2011 2354 2075 Sejanus
2387 2012 2524 2060 enim
2559 2013 2711 2061 terri-

1636 2093 1738 2148 tus,
1763 2087 2072 2136 matrimonii
2097 2088 2415 2137 mentionem
2447 2084 2706 2138 omiserat&

1635 2163 1875 2213 Muretus.
1903 2163 2124 2213 Ursinus.
2151 2163 2378 2213 Pichena.

1699 2242 1861 2290 Altius
1891 2239 2123 2304 metuens]
2172 2240 2447 2290 Metuebat
2485 2240 2709 2304 scilicet,

1634 2330 1702 2366 ne
1737 2318 1982 2366 Tiberius
2017 2319 2069 2366 in
2109 2317 2451 2380 suspicionem
2488 2318 2706 2367 tacitam

1634 2394 1904 2444 incidisset
1949 2410 2123 2443 earum
2170 2409 2360 2458 rerum,
2420 2410 2545 2459 quas
2590 2395 2702 2458 ipse

1634 2470 1804 2518 animo
1823 2485 1948 2519 vere
1971 2470 2220 2533 agitabat,
2257 2469 2322 2518 de
2344 2470 2565 2532 imperio
2599 2471 2708 2519 adia

1635 2547 1903 2611 piscendo.
1977 2548 2206 2597 Pichena.
2293 2547 2454 2597 Altius
2498 2553 2705 2597 metuere

1635 2624 1833 2673 dictum
1857 2631 1956 2688 est,
1991 2626 2128 2673 sicut
2159 2627 2172 2648 ‘
2201 2624 2358 2674 altius
2381 2625 2620 2674 moerere²
2644 2634 2706 2674 11².

1636 2706 1718 2750 82.
1754 2703 1769 2733 ⁴
1807 2700 2114 2750 Penetrare’
2149 2712 2210 2750 ιι.
2234 2705 2318 2749 36.
2353 2714 2439 2751 ιιι.
2462 2705 2546 2751 28.
2590 2714 2705 2751 xvi.

1637 2783 1719 2828 2¹1.
1751 2778 1766 2805 ‘
1790 2779 2109 2841 percellere,’
2130 2792 2204 2827 iv.
2222 2782 2301 2827 54.
2339 2779 2705 2828 Freinshemius.

1694 2855 1770 2903 Ac
1791 2869 1848 2901 ne
1868 2853 2104 2917 assiduus]
2138 2853 2459 2917 Legendum,
2474 2871 2531 2903 ac
2548 2870 2607 2904 ne
2621 2860 2706 2905 aut

1629 2931 1865 2980 assiduus.
1901 2931 2162 2979 MuretuS.

1701 3009 1824 3058 Vera
1859 3008 2077 3071 potentia
2115 3008 2314 3071 cingere]
2369 3010 2576 3073 Malim,
2621 3025 2706 3060 au-

1625 3084 1734 3146 geri
1746 3101 1762 3132 .-
1815 3085 1912 3133 nisi
1952 3085 2128 3147 legere
2161 3084 2310 3149 libet,
2343 3101 2501 3148 agere.
2570 3087 2708 3136 Rbe-

1629 3174 1810 3210 nanus.
1877 3162 2138 3222 Muretus,
2160 3177 2319 3211 veram
2335 3164 2599 3227 potentiam
2618 3178 2701 3214 αιτ-

1625 3251 1756 3299 gere.
1824 3239 1922 3288 Est
1945 3239 2135 3304 alioqui
2154 3240 2373 3289 alterum
2398 3240 2582 3289 eadem
2604 3241 2702 3305 sig-

1627 3315 1943 3380 nificatione,
1956 3333 2052 3367 nec
2071 3319 2236 3367 miuus
2255 3326 2527 3367 venustum
2546 3336 2559 3367 :
2601 3319 2702 3369 nisi

1628 3392 1769 3442 forte
1803 3395 1888 3444 hic
1929 3396 2232 3444 concinnius
2266 3395 2363 3444 hoc
2388 3395 2703 3460 putabimus,

1629 3472 1751 3536 quia
1792 3473 2080 3536 praecessit,
2121 3472 2351 3522 invidiam
2389 3472 2560 3534 minui,
2612 3472 2697 3521 cui

1629 3551 1790 3612 magis
1835 3551 2168 3614 respondeat,
2200 3550 2464 3613 potentiam
2503 3562 2696 3612 augeres

1631 3626 1916 3677 Acidaiius.
1952 3628 2081 3676 Mihi
2115 3629 2327 3691 vulgata
2365 3627 2525 3675 lectio
2548 3626 2700 3676 valde

1628 3703 1913 3766 probatur:
1952 3717 2070 3752 nam
2094 3704 2276 3764 verbo,
2311 3718 2502 3766 augere,
2540 3703 2703 3767 passi:-

1629 3794 1745 3827 vam
1767 3779 2195 3842 significationem
2222 3780 2412 3840 tribuo,
2435 3781 2573 3842 quod
2594 3781 2699 3830 Ta·

1627 3855 1734 3904 cito
1758 3861 1840 3904 est
1859 3855 2138 3919 familiare,
2161 3865 2218 3906 et
2240 3863 2390 3906 notat
2407 3857 2615 3920 Lipsius
2635 3856 2699 3906 a‘d

1627 3927 1768 3981 lsxx.
1804 3931 1942 3981 Anu.
1988 3940 2044 3982 et
2084 3933 2286 3983 Histor.
2322 3946 2411 3982 ιιι.
2474 3933 2698 3983 Pichmz

1630 4011 1772 4058 Male
1795 4011 2063 4074 scriptum,
2099 4025 2211 4059 vera
2244 4013 2459 4073 potentin
2495 4026 2694 4074 augere,-

1629 4101 1720 4149 pro
1742 4092 1901 4135 verum
1919 4089 2177 4150 potentiam
2193 4090 2375 4150 aug-eri.
2411 4089 2697 4138 Marcilius.

1659 4160 1663 4165 ’
1695 4164 1950 4227 Praecipua
2001 4177 2159 4211 rerum
2227 4165 2438 4213 mambae
2490 4163 2696 4228 agitari]

1627 4241 1873 4304 Plerique
1893 4242 2211 4305 interpretes
2239 4242 2461 4303 agitandi
2472 4242 2697 4292 verbum

1604 4358 1608 4362 .
1627 4317 1897 4381 accepisse
1910 4331 2006 4383 pro
2021 4318 2322 4370 turbulento
2337 4323 2511 4381 motn3
2543 4332 2697 4385 quum
