3009 4942
1036 316 1092 357 ”a

1083 362 1102 386 b

483 382 658 464 4126

455 565 714 628 ‚ploratus
724 564 834 629 Jam
855 560 1036 619 laudet
1058 562 1223 612 Vesta
1243 557 1545 611 ministras!

483 643 699 707 Lipsius.
1381 688 1388 693 ,
1441 681 1453 692 .

440 705 452 719 '
546 721 780 782 Agerent,
821 717 1013 779 ferrent
1063 715 1252 780 cuncta]
1320 710 1568 792 Sffllssffi.

484 811 596 847 sum
652 796 924 845 lectionem
984 795 1266 845 Florentini
1328 779 1545 856 codicis,

480 874 717 937 Agerent,
737 878 972 923 verterent
1010 877 1179 921 cuncta
1216 871 1323 919 odio
1366 875 1415 919 et
1447 875 1545 918 ter-

347 970 377 1005 ι
459 948 603 1005 ›rin-e.
670 951 915 1012 Cor-rupti,
935 952 1015 1012 asc.
1039 946 1405 1012 aliquantoput
1431 946 1543 1011 opi-

325 1095 356 1115 0

411 1037 440 1071 ’.τ
478 1025 1119 1089 Μιίοηηίνυιςαῐα,
1140 1038 1256 1087 quae
1280 1024 1355 1073 sic
1382 1023 1544 1072 habe-

479 1101 608 1163 bat;
640 1107 851 1164 agerent,
878 1102 1066 1161 ferrent
1082 1105 1266 1151 cancta.
1336 1100 1461 1149 odio
1495 1105 1544 1149 et

383 1215 398 1227 .
475 1180 660 1229 terrore
693 1178 917 1240 corrupti.
951 1167 1198 1227 Picheua‘.
1264 1176 1543 1240 vulgatam

476 1261 538 1307 et
577 1255 856 1317 lectionem
889 1260 946 1304 et
968 1253 1358 1303 distinctionem
1378 1255 1543 1313 multo

475 1330 745 1383 meliorem
769 1346 882 1381 esse
912 1330 1178 1380 docuimus
1204 1329 1430 1380 Observ.
1450 1342 1540 1379 ιιι.

471 1410 560 1457 22.
630 1408 912 1457 Gronovius.

527 1484 668 1548 'odio
711 1490 760 1534 et
793 1490 974 1559 terrore
1012 1483 1225 1547 corrupti
1246 1485 1297 1532 in
1329 1482 1542 1533 dominos

474 1714 798 1765 dissimulans
843 1716 1050 1765 interim
1111 1715 1346 1777 alteram,
1386 1729 1539 1779 quam

370 1802 377 1815 ·
474 1791 698 1855 margini
736 1797 912 1843 textus
952 1791 1167 1856 adjecit.
1238 1793 1370 1844 Quae
1415 1792 1541 1841 mihi

474 1866 701 1933 quidem,
727 1868 957 1933 quisquis
995 1869 1107 1934 ejus
1141 1877 1342 1932 auctor,
1373 1869 1539 1918 multo

473 1946 646 1995 verior
688 1953 744 1996 et
773 1947 1085 1997 concinnior.
1154 1948 1390 1997 Muretus
1427 1953 1539 1998 tan-

476 2038 629 2089 quam
654 2040 798 2074 suam
818 2024 873 2074 in
897 2024 1028 2075 libro
1051 2039 1143 2074 suo
1176 2024 1536 2076 adnotaverat.

470 2100 635 2151 Istam
664 2116 857 2166 nempe
895 2101 1045 2151 dico:
1097 2106 1314 2164 agerent,
1345 2100 1570 2166 ferrent·

469 2183 637 2228 cancta
676 2179 781 2227 odio
824 2182 872 2227 et
913 2183 1107 2228 terrore.
1176 2178 1417 2242 Corrupti,
1457 2179 1538 2240 &a

470 2252 759 2320 Acidalius.
863 2280 909 2308 ..ι-ι

535 2330 668 2381 Car.
692 2335 740 2380 3.
775 2331 845 2381 Et
867 2330 1077 2381 laudatis
1097 2331 1396 2395 antiquorum
1412 2345 1536 2381 mor·

470 2405 598 2455 tibus
629 2422 771 2473 pares
802 2408 987 2471 exitus]
1019 2407 1241 2470 Regium
1268 2409 1538 2472 exemplar

466 2483 642 2547 habet,
674 2501 737 2536 ne
773 2491 822 2535 et
858 2487 1081 2536 laudatis.
1146 2486 1335 2536 Posset
1376 2484 1534 2534 etiam

465 2561 590 2627 legi,
612 2563 715 2612 Nec
737 2564 947 2614 laudatis
972 2564 1273 2628 antiquorum
1304 2563 1534 2613 mortibus

464 2638 669 2702 impares
687 2639 865 2690 exitus.
930 2641 1227 2690 Rhenanus.

455 2756 458 2761 ,
532 2716 644 2767 Non
674 2731 771 2765 esse
800 2731 926 2766 curce
959 2712 1076 2767 Diis
1106 2716 1403 2766 securitatem
1424 2730 1531 2765 nos-

464 2793 628 2857 tram]
663 2793 770 2841 Per
827 2794 938 2843 haec
989 2795 1200 2843 Tacitus
1241 2800 1300 2843 ut
1353 2793 1532 2852 ἀσεβὴς

463 2881 671 2931 prorsus
703 2869 1021 2920 damnandus
1061 2885 1163 2921 non
1186 2878 1301 2921 este
1339 2872 1462 2937 quid
1486 2872 1530 2920 si

465 2943 571 2993 alio
592 2946 862 3010 respexit?
896 2947 1271 2998 calamitatibus
1294 2949 1528 2998 homines

462 3020 808 3073 admonentur
841 3024 1144 3087 quantillum
1174 3026 1294 3076 sint.
1349 3026 1529 3091 Eurip.

460 3098 657 3150 Troad.
694 3097 804 3149 οὐδέ
833 3099 880 3150 α’
904 3101 953 3149 αἱ
981 3099 1145 3163 τύχαι,
1168 3099 1350 3165 τέκνον,
1385 3100 1527 3151 ’an’-

457 3175 759 3249 sppovtitaeiv:
782 3178 815 3227 i.
836 3181 997 3242 Neque
1013 3185 1076 3242 te,
1077 3179 1210 3245 filia,
1220 3182 1529 3230 adversitates

457 3254 715 3330 modestam
753 3256 1072 3306 reddiderunt.
1139 3259 1337 3307 Contra
1370 3258 1526 3307 rebus

456 3328 785 3382 affluentibus
810 3333 883 3381 nil
905 3331 1114 3383 humani
1139 3335 1364 3398 sapiunt.
1399 3334 1524 3384 Pin-

455 3405 613 3457 darus
631 3426 644 3459 ε
671 3408 802 3459 ἀλλὰ
815 3409 909 3474 ’γὰρ
924 3409 1191 3474 καταπέψαι
1204 3410 1358 3473 μέγαν
1372 3410 1525 3469 ὄλβον

455 3481 542 3531 οὐκ
563 3483 803 3546 ἐδυνάσθη,
843 3485 961 3551 κόρῳ
996 3491 1037 3536 δ’
1060 3486 1172 3538 ἕλεν
1209 3488 1328 3539 ἄταν
1361 3488 1523 3554 ὑπέρο-

454 3565 611 3608 πλονι
655 3561 690 3610 i.
746 3562 817 3611 At
832 3579 1051 3625 magnam
1058 3565 1346 3624 felicitatem
1367 3565 1527 3616 concoss

454 3649 593 3698 quere
625 3652 718 3686 non
762 3641 938 3704 potuit,
978 3642 1286 3707 satietateque
1328 3644 1520 3709 igumen-

452 3724 557 3761 oam
606 3716 922 3766 calamitatem
965 3717 1166 3774 ,sabinia
1256 3722 1369 3770 Nec
1426 3722 1520 3787 (ut

453 3788 531 3837 ait
566 3789 702 3841 Geli.
740 3806 802 3841 ιι.
845 3794 949 3859 18.)
993 3811 1168 3846 omues
1210 3798 1327 3847 Diis
1367 3799 1518 3849 invisi

450 3870 588 3928 sunt,
610 3867 627 3895 ‘
649 3868 751 3919 Qui
776 3869 948 3921 inhac
982 3873 1093 3923 vita
1115 3886 1233 3923 cum
1267 3888 1516 3926 aerumna-

447 3954 563 3991 rum
606 3945 857 3996 varietate
899 3950 1182 4001 luctantur.
1247 3952 1349 4002 Sed
1400 3967 1515 4006 esse

447 4029 661 4069 arcanas
691 4037 917 4088 caussas,
954 4026 1019 4074 ad
1059 4032 1186 4095 qups
1226 4042 1512 4090 paucorum
1544 4030 1549 4034 ’

449 4095 624 4155 potuit
666 4101 939 4159 pervenire
982 4103 1293 4153 curiositas:
1330 4105 1515 4156 Δοῦλος

447 4165 724 4228 Ἐπίκτητος
760 4172 981 4240 γενόμην,
1019 4176 1097 4226 καὶ
1135 4177 1317 4239 scopari
1351 4179 1514 4246 mohs,

450 4240 544 4292 Kal
564 4243 724 4313 Ιιιξενίην
741 4245 885 4313 Ἶρος,
908 4251 986 4301 καὶ
1002 4252 1142 4316 φίλος
1162 4253 1435 4307 ἀθανάτους
1471 4258 1511 4308 ἰ.

447 4315 640 4371 Servus
689 4323 962 4389 Epictetus
1006 4344 1144 4383 eram
1188 4336 1247 4382 et
1287 4347 1511 4401 corporo

326 4784 444 4902 h

1188 406 1407 461 NOTAE
1455 408 1858 465 vammum
1908 407 1989 460 m

1619 556 1848 619 mutilus,
1868 556 1940 605 Et
1959 556 2269 621 paupertate
2289 551 2428 616 Irus,
2451 557 2511 615 et
2524 564 2682 615 carus
2774 548 2777 551 ’

1617 634 2045 684 immortalibus...
2072 631 2203 681 Haec
2224 631 2289 680 ad
2313 629 2553 679 amussim
2575 631 2695 685 eth,-

1619 710 2077 775 mcorum,‘quibus
2112 723 2349 757 consona
2390 713 2516 755 sunt
2549 719 2689 756 νει-ω

1620 789 1878 852 religionis
1916 793 2273 837 monumenta:
2327 788 2508 845 narrat
2545 782 2687 831 enim

1618 883 1764 918 sacer
1808 868 1895 915 ille
1955 866 2151 926 Moses,
2209 862 2424 913 Judaeos
2471 874 2685 909 securos

1617 945 1757 995 idola
1769 957 1972 1006 semper
1994 943 2235 1000 coluisse,
2251 939 2537 1001 castigatos
2560 951 2687 1001 ἵετο

1615 1021 1670 1070 in
1709 1021 1847 1070 viam
1890 1019 2148 1070 rediisse..
2175 1019 2468 1081 Deuteron.
2501 1027 2688 1065 xxxu.

1618 1100 1633 1127 ‘
1660 1104 1715 1149 et
1753 1098 2065 1147 incrassatus
2090 1102 2172 1145 est
2205 1093 2487 1144 Israelulus
2521 1099 2578 1142 et
2606 1106 2690 1141 re·

1617 1173 1945 1245 calcitravit.†
1980 1174 2173 1223 Psalm.
2211 1184 2450 1222 Lxxvm.
2490 1172 2506 1199 ‘
2532 1172 2602 1220 Et
2639 1171 2686 1220 si

1616 1254 1891 1304 occidebat
1935 1266 2044 1317 eos,
2084 1259 2140 1302 et
2177 1252 2488 1316 quaerebant
2526 1248 2686 1300 enm.'

1617 1342 1902 1392 Solimi-ius.
1964 1339 2084 1389 Scio
2108 1350 2261 1402 quam
2295 1334 2581 1385 admittant
2608 1332 2689 1382 in-

1617 1417 2043 1481 terpretationem
2094 1414 2176 1462 hae
2225 1426 2415 1462 voces:
2470 1409 2683 1467 interim

1618 1508 1719 1545 non
1742 1494 1908 1544 adhuc
1940 1492 2093 1554 plene
2115 1489 2388 1554 acquiesco
2403 1487 2559 1548 justis
2578 1486 2682 1537 illis

471 1575 617 1625 “7⁰²2
665 1561 718 1610 ²⁹²¹
765 1565 993 1625 ΡῡῖῦὋΜ8
1047 1560 1230 1623 liberti]
1295 1535 1558 1623 ΕΧΡῙῑθὸἷ
1603 1570 1836 1632 judiciis.-
1901 1567 2176 1632 irritatque
2211 1582 2310 1629 me,
2366 1566 2505 1614 inter
2560 1564 2682 1628 alia,

434 1632 604 1707 ,lianc
648 1643 708 1686 ut
751 1652 950 1693 veram,
988 1636 1265 1698 lectionem
1316 1634 1557 1699 Lipsius,-

1618 1647 1774 1697 etiam
1811 1645 1974 1695 editio
2011 1644 2259 1706 Romana,
2288 1657 2405 1706 quae
2443 1640 2684 1705 exhibet,

1615 1723 1770 1786 magis
1797 1721 1995 1772 vetustis
2025 1720 2246 1777 indic-itu
2278 1718 2417 1783 quod
2456 1732 2558 1771 non
2588 1731 2684 1781 ne-

1615 1790 1744 1850 mi'ni
1793 1800 2005 1849 salivam
2066 1811 2272 1848 movere
2325 1801 2526 1859 posset,
2576 1807 2683 1844 non
2770 1818 2779 1823 -
2831 1783 2834 1785 ’

1614 1876 1771 1926 mihi:
1806 1889 1923 1925 nain
1962 1874 2161 1936 indicia,
2191 1872 2289 1921 boc
2323 1877 2407 1920 est
2439 1869 2681 1935 prodigia

1615 1960 1672 2003 et
1696 1953 1840 2014 talia,
1878 1950 2182 2016 praecedunt
2213 1947 2413 2009 clades,
2454 1960 2557 1997 non
2597 1960 2679 1996 se·

1614 2034 1862 2094 quantur.
1931 2027 2124 2080 Haereo
2144 2039 2285 2075 sane.
2356 2024 2613 2073 Gruterus.
2658 2070 2667 2079 ,

1685 2104 1754 2155 Ut
1787 2120 1879 2154 non
1907 2105 2044 2154 modo
2077 2119 2210 2153 casus
2248 2101 2549 2165 eventusque]
2576 2101 2679 2152 Est

1613 2183 1883 2248 scriptoris
1927 2181 2258 2232 historia-rum
2301 2193 2484 2230 causas
2519 2179 2678 2227 ratio·

1611 2276 1808 2328 nesque
1853 2275 2026 2312 rerum
2063 2271 2392 2323 expromere.
2478 2254 2680 2306 Asellio

1610 2343 1749 2406 apud
1774 2341 1911 2391 Gell.
1934 2355 1988 2389 v.
2013 2344 2094 2393 18.
2142 2338 2247 2388 Ubi
2270 2350 2392 2385 vero
2412 2333 2598 2413 incidit
2622 2334 2678 2383 in

1610 2417 1847 2481 fortuita,
1884 2416 2010 2483 quid
2042 2416 2093 2465 ei
2131 2415 2402 2480 reliquum,
2438 2419 2593 2477 quam
2613 2424 2679 2466 ea

1610 2495 1825 2560 exsequi
1864 2494 1975 2544 sola
2010 2489 2262 2542 veritate?
2295 2489 2556 2539 Hortatur
2579 2486 2676 2536 ita-

1609 2586 1710 2637 que
1727 2573 1848 2621 Tac.
1870 2572 2129 2625 lectorem*
2150 2567 2215 2617 ad
2239 2569 2445 2625 caussas
2466 2562 2680 2614 investi·

1609 2647 1807 2712 gandas
1829 2645 2199 2707 non-omnium,
2218 2642 2313 2693 sed
2350 2656 2530 2691 eorum
2559 2653 2675 2706 quae

1609 2723 1829 2774 fortuita
1860 2737 1964 2774 non
2003 2731 2156 2772 sunt:
2191 2733 2294 2785 qua
2326 2716 2394 2767 de
2424 2732 2485 2767 re
2517 2729 2677 2781 nega·

1608 2801 1802 2850 tionem
1834 2814 1936 2848 non
1966 2797 2270 2862 amplectar,
2304 2807 2458 2860 quam
2491 2793 2574 2843 hic
2602 2792 2679 2841 in-

1608 2876 1770 2929 seruit
1790 2876 2004 2933 doctiss.
2022 2876 2119 2925 vir.
2165 2874 2425 2923 Caeterum
2461 2884 2567 2921 non
2588 2868 2679 2919 ab·

1606 2953 1763 3004 surde
1795 2953 1871 3019 (ni
1892 2951 2052 3002 falsus
2082 2950 2237 3009 animi
2259 2948 2399 3013 sum)
2425 2960 2676 3012 quaeram,

1607 3031 1731 3096 quid
1783 3031 2014 3081 Annales
2067 3029 2268 3078 distent
2319 3024 2388 3076 ab
2433 3022 2670 3075 historia.

1606 3108 1888 3159 Asellionis
1911 3106 2087 3173 opinio
2125 3119 2251 3153 vera
2277 3100 2402 3152 mihi
2443 3099 2674 3162 videtur,

1580 3188 1647 3249 *si
1679 3187 1889 3237 annales
1923 3201 2019 3251 pro
2054 3184 2150 3234 illis
2175 3182 2384 3245 seriptis
2409 3180 2672 3246 accipian-

1605 3270 1705 3327 tur,
1726 3279 1844 3329 quae
1883 3262 2119 3315 strictim=
2141 3266 2196 3310 et
2220 3258 2406 3324 jejune
2448 3264 2672 3324 quaeque

1602 3340 1784 3390 civitas
1822 3340 1921 3391 sibi
1953 3336 2248 3403 componit;
2307 3334 2552 3401 undeque
2584 3332 2671 3383 ho·

1601 3419 1767 3468 mines
1811 3417 2057 3468 historias
2108 3421 2292 3481 postea
2343 3411 2669 3469 describunt.

1601 3494 1752 3545 Idem
1774 3494 1918 3546 dicto
1942 3495 2074 3544 loco.
2139 3490 2215 3541 At
2237 3490 2328 3555 qui
2359 3490 2535 3538 locum
2558 3489 2667 3543 liaec

1600 3571 1700 3620 sibi
1739 3569 2093 3620 vendicabunt
2133 3567 2187 3616 in
2221 3564 2495 3617 annalibus
2535 3561 2670 3631 Livii

1599 3652 1654 3695 et
1698 3646 1968 3697 Cornelii?
2013 3646 2050 3694 ii
2085 3649 2233 3694 certe
2270 3641 2424 3690 multi
2469 3644 2528 3690 et
2566 3636 2666 3687 t're·

1597 3729 1816 3786 quentes
1856 3723 1909 3771 in
1941 3720 2220 3771 reddendis
2259 3716 2477 3779 caussis,
2501 3721 2559 3766 et
2591 3729 2666 3764 ra·

1599 3799 1830 3848 tionibus
1863 3813 2051 3849 rerum.
2121 3797 2290 3861 Igitur
2322 3794 2531 3852 cautius
2552 3791 2665 3858 quis

1593 3879 1732 3941 (meo
1748 3875 1976 3942 judicio)
2000 3875 2191 3925 dixerit
2214 3874 2352 3922 idem
2370 3887 2490 3922 esse
2511 3884 2664 3925 auna-

1592 3954 1670 4003 les
1713 3954 1971 4018 ejusmodi
2014 3969 2132 4004 cum
2166 3952 2400 4012 historia,
2449 3954 2662 4014 prieter-

1591 4044 1744 4095 quam
1782 4030 1921 4096 quod
1957 4030 2008 4079 hi
2048 4029 2384 4079 distinctione
2409 4038 2660 4077 annorum

1591 4108 1835 4172 concepti
1857 4115 1995 4158 sunt.
2028 4107 2230 4158 Gellius
2256 4106 2308 4155 d.
2326 4107 2363 4155 l.
2400 4108 2415 4134 ‘
2441 4104 2550 4155 Sed
2571 4115 2661 4153 nos

1591 4183 1773 4241 audire
1809 4185 1948 4234 soliti
1987 4185 2313 4244 sumus‚’&c.
2382 4182 2511 4231 Dixi
2543 4194 2659 4230 can·

1589 4259 1710 4324 tius,
1754 4262 1911 4326 quod,
1952 4259 2055 4327 qui·
2098 4258 2165 4311 ad
2209 4259 2316 4308 alia
2359 4270 2658 4325 respexere,

1587 4335 1724 4400 lapsi
1760 4337 1882 4388 sint.
1945 4338 2090 4388 Ecce
2132 4350 2271 4387 nunc
2312 4350 2485 4403 nuper
2521 4334 2653 4386 cele-
