3009 4942
804 429 949 502 ms.
993 440 1114 502 ⁴111.
1163 433 1486 502 cunm.
1536 440 1979 501 Aut-tamnu.

319 586 495 647 'Junio
519 594 725 660 Othoni]
765 594 796 626 ⁴¹
818 594 993 647 Alicui
1034 595 1261 647 recitare
1296 597 1351 646 in

284 674 501 724 aurem?
565 673 783 723 Subtilis
814 688 939 736 ergo
975 673 1034 722 iu
1072 673 1127 723 id
1168 674 1355 723 vitium

281 751 500 801 hominis
518 751 705 816 jocus:
744 766 897 816 quem
920 751 1059 802 belle
1084 753 1353 802 aemulatus

282 836 363 880 est
386 830 647 879 Martialis
667 846 680 878 :
715 829 731 856 ‘
753 829 934 879 Garris
950 829 1003 878 in
1022 842 1197 878 aurem
1224 842 1353 877 sem-

278 921 377 972 per
408 907 665 971 omnibus,
697 908 878 970 Cinna,
913 906 1096 973 Garris
1132 910 1186 955 et
1207 903 1353 967 illud,

282 991 419 1037 teste
444 985 582 1049 quod
605 984 728 1033 licet
750 983 922 1033 turba.
971 981 1185 1032 Adeone
1207 980 1353 1045 peni-

281 1066 370 1110 tus
393 1059 534 1110 sedit
556 1060 641 1109 hic
664 1060 756 1109 tibi
781 1059 1004 1122 morbus,
1036 1060 1113 1108 Ut
1135 1073 1273 1124 saepe
1299 1058 1353 1106 in

274 1151 475 1200 aurem,
491 1137 675 1199 Cinna,
693 1138 950 1187 Caesarem
969 1135 1149 1185 laudes
1168 1135 1202 1184 ?’
1233 1135 1354 1185 Nec

277 1215 420 1264 enim
445 1214 647 1277 dubito,
668 1214 789 1280 quin
813 1212 989 1263 oculos
1011 1212 1249 1261 habuerit
1286 1210 1352 1260 ad

283 1292 450 1343 breve
468 1291 596 1342 illud
613 1291 796 1342 Scauri
815 1297 1123 1356 acutumque
1138 1289 1352 1340 dictum.

274 1366 428 1419 Idem.

343 1443 710 1508 Propolluebat]
760 1444 1082 1495 Clarissimus
1110 1443 1233 1494 Nic.
1251 1444 1354 1492 'Fa-

275 1520 393 1586 ber,
412 1522 749 1587 perpolluebat.
817 1522 1035 1571 Hieron.
1056 1520 1351 1571 Groslotius

280 1607 459 1651 noster
499 1599 649 1666 (vere
690 1605 886 1661 noster,
918 1599 1111 1648 dudum
1152 1597 1358 1661 studiis,

275 1688 453 1741 nuper
494 1690 669 1727 amore
700 1676 825 1725 mihi
854 1675 1093 1740 junctus)
1124 1675 1353 1739 propelle-

285 1755 395 1804 bat.-
430 1754 569 1804 bono
594 1754 789 1820 pariter
820 1761 876 1804 et
917 1758 1158 1819 prompto
1180 1766 1352 1803 sensu.

281 1832 434 1884 Idem.

346 1910 563 1962 Obscura
615 1910 761 1961 initia
811 1909 1159 1974 impudentibus
1222 1909 1354 1958 ausis

279 1989 473 2038 Proetor
490 1987 747 2053 polluebat]
792 1988 1034 2040 Jurarem
1059 2001 1349 2050 germanam

281 2068 413 2117 hanc
457 2067 630 2119 Taciti
667 2068 949 2118 lectionem
991 2056 1154 2116 esses
1208 2065 1353 2114 Male

282 2148 456 2210 vulgo,
473 2147 811 2211 propolluebat.
879 2145 1092 2196 Duabus
1114 2142 1254 2194 forte
1292 2143 1354 2192 li·

282 2225 408 2273 teris
460 2224 713 2289 scriptum
769 2222 1075 2287 compendio
1117 2220 1236 2284 fuit,
1272 2236 1351 2285 pr.

277 2300 533 2363 polluebat,
554 2301 692 2351 unde
714 2299 871 2351 facile
904 2299 1143 2350 librarius
1165 2299 1354 2363 decep·

282 2385 363 2428 tus
387 2382 488 2429 est.
553 2377 725 2445 quue
748 2393 866 2428 cum
904 2377 1121 2427 historia
1158 2376 1354 2441 optime

281 2456 555 2520 congruit3
599 2472 717 2506 nam
759 2473 914 2522 supra
951 2456 1084 2507 dixit
1127 2455 1357 2519 Tacitus,

278 2532 457 2583 lunius
503 2533 635 2583 Otho
663 2538 875 2597 praetor:
908 2547 1043 2582 nunc
1082 2531 1247 2595 ipsum
1287 2530 1353 2581 ab

280 2609 483 2674 origine
523 2611 672 2675 quasi
711 2609 1027 2673 describens,
1066 2607 1157 2669 ait,
1195 2606 1354 2657 fuisse

288 2687 432 2750 prius
480 2686 940 2751 Ludimagistrum,
984 2699 1104 2735 mox
1146 2685 1359 2735 Senato-

271 2756 415 2815 ‘rem.
482 2764 652 2814 Recte
691 2778 818 2829 ergo
854 2750 1107 2828 sequitur,
1138 2768 1355 2825 praetor;

285 2846 342 2889 ut
363 2839 599 2894 dedecus
623 2847 863 2907 respectu
890 2840 1154 2905 praetoriae
1192 2840 1354 2905 digni-

287 2919 424 2982 tatis,
447 2918 724 2968 notabilius
753 2918 1132 2969 ostenderetur.
1202 2918 1354 2967 Hanc

288 2994 701 3044 emendationem
739 3009 801 3045 eo
836 2994 1125 3059 promptius
1160 2993 1356 3059 recepi,

287 3071 423 3136 quod
446 3072 652 3136 Lipsius
670 3087 796 3122 ame
820 3085 975 3135 super
990 3085 1055 3120 ea
1071 3071 1355 3133 consultuS,

287 3146 384 3199 sibi
419 3149 645 3199 maxime
685 3151 895 3214 placere
936 3148 1217 3212 rescripsit.
1268 3148 1357 3197 Pi-

286 3225 448 3276 ώσω.
517 3225 720 3289 Lipsius
756 3226 897 3287 olim,
930 3239 1073 3289 porro
1107 3224 1354 3288 polluebat.

277 3301 416 3365 Ego,
427 3300 730 3366 protollebat:
767 3301 905 3366 quod
920 3303 1096 3352 valere
1115 3300 1199 3350 hic
1218 3302 1354 3351 idem

287 3385 464 3442 putem
488 3393 550 3428 ac
574 3379 617 3428 si
640 3385 780 3428 esset
818 3376 1136 3443 proferebat,
1168 3392 1356 3442 propa·

293 3455 471 3518 gabat.
520 3454 787 3505 Acidalius.
871 3453 1026 3502 Haud
1071 3453 1223 3516 male,
1268 3452 1357 3518 qui

287 3537 511 3596 mutant,
542 3532 670 3580 ausis
684 3545 826 3594 porro
850 3529 1104 3595 polluebat,
1139 3528 1228 3578 sed
1253 3544 1357 3578 non

289 3606 341 3658 id
363 3615 478 3658 erat
496 3607 653 3658 etiam
674 3622 922 3658 necesse:
956 3606 1196 3656 vocabuli
1219 3607 1357 3655 enim

285 3698 423 3747 porro
446 3683 661 3746 energia
682 3682 964 3733 includitur
994 3682 1119 3732 item
1142 3682 1216 3731 illi
1235 3697 1323 3745 pro
1336 3698 1358 3741 ,-

289 3758 346 3808 u't
368 3759 605 3824 pluribus
628 3759 831 3808 ostendi
854 3758 908 3807 in
930 3756 1074 3807 libris
1096 3758 1358 3822 Suspicio·

288 3851 428 3887 num.
477 3836 730 3884 Gruterus.
799 3833 1058 3898 Ambigue
1081 3835 1356 3885 sententias

291 3913 670 3977 scripturaeque
719 3911 953 3973 verbum,
1009 3912 1388 3976 Propolluebatf

291 3995 381 4039 aut
403 3990 446 4040 si
468 3988 628 4053 forte,
646 4005 788 4054 porro
805 3991 1057 4054 polluebat.
1108 3992 1212 4042 Hic
1235 3991 1359 4041 mihi

290 4081 464 4116 seusus
485 4067 539 4116 in
558 4067 863 4132 paraphrasi
887 4069 1101 4132 placuit.
1141 4070 1257 4119 Nec
1283 4077 1360 4119 ta-

290 4154 407 4194 men
430 4145 672 4193 damnem
691 4145 812 4194 Ital.
828 4146 912 4208 qui
927 4146 1113 4208 legisse
1137 4146 1361 4211 videtur,

287 4221 593 4286 propalabat.-
646 4222 782 4286 quod
828 4220 1069 4285 profecto
1118 4237 1286 4289 neque
1329 4239 1361 4274 a

291 4299 549 4362 scriptura
579 4298 799 4347 multum
838 4297 1086 4360 dissidet3
1119 4314 1289 4364 neque
1330 4316 1363 4349 a

292 4374 667 4426 commoditate
688 4387 867 4425 sensus
886 4373 1185 4440 quidquam.
1236 4375 1364 4427 Pot.

2320 426 2499 502 3893

1430 601 1545 646 erat
1580 595 1716 646 enim
1746 596 1904 645 homo
1940 607 2100 644 novus
2133 592 2187 642 in
2220 591 2334 643 sinu
2374 608 2499 659 gau·

1428 673 1576 739 dere,
1608 680 1664 724 et
1695 674 1911 739 honore,
1944 673 2031 738 qui
2071 671 2353 736 obtigerat,
2384 672 2501 724 sine

1426 765 1609 816 magna
1631 749 1828 799 invidia
1848 749 1972 813 frui,
1994 750 2036 800 si
2059 764 2116 799 se
2140 749 2277 800 intra
2298 749 2500 800 modes-

1430 829 1553 878 tiam
1589 828 1855 878 contiuere
1892 827 2159 877 voluisset.
2232 824 2310 875 At
2346 827 2498 890 impu-

1427 905 1647 954 dentibus
1666 905 1795 953 ausis
1812 904 2044 955 advertit
2058 903 2282 953 omnium
2301 905 2499 967 oculos,

1428 978 1727 1046 effecitque,
1746 987 1805 1030 ut
1825 981 1977 1044 vulgo
1996 980 2355 1044 denotaretur,
2376 992 2499 1029 con-

1429 1057 1739 1122 spicuusqne
1791 1056 1961 1109 fieret.
2050 1056 2328 1107 Firmando
2380 1057 2500 1106 huic

1430 1135 1603 1184 sensui
1637 1142 1758 1184 sunt
1794 1136 1904 1185 haec
1941 1134 2117 1184 Taciti
2163 1132 2303 1183 Hist.
2326 1146 2388 1184 ιι.
2411 1137 2499 1183 2⁰.

1426 1211 1444 1247 ·‘
1469 1211 1698 1271 Uxorem
1723 1212 1945 1262 Caecinae
1970 1210 2285 1273 Saloninam,
2324 1224 2500 1274 quam-

1430 1303 1584 1355 quam
1606 1290 1656 1338 in
1679 1289 1865 1339 nullius
1889 1289 2125 1354 injuriam
2149 1287 2339 1352 insigni
2364 1302 2498 1353 equo

1428 1373 1675 1430 ostroque
1723 1365 2021 1427 veheretur,
2065 1370 2327 1429 tamquam
2382 1363 2499 1413 laesi

1430 1442 1807 1506 gravabantur:
1844 1441 1997 1491 insita
2030 1440 2333 1491 mortalibus
2354 1447 2504 1491 natu-

1427 1536 1505 1584 ra,
1515 1526 1778 1570 recentem
1792 1519 2004 1571 aliorum
2021 1516 2328 1568 felicitatem
2345 1517 2501 1581 aegris

1427 1597 1592 1646 oculis
1632 1597 2006 1661 introspicere3
2050 1594 2362 1657 modumque
2397 1592 2505 1643 for·

1430 1683 1569 1726 tuuae
1611 1689 1642 1725 a
1679 1676 1832 1725 nullis
1878 1673 2039 1738 magis
2078 1672 2309 1735 exigere,
2344 1686 2501 1737 quam

1430 1767 1558 1818 quos
1581 1753 1633 1809 in
1658 1766 1804 1817 aequo
1826 1749 2045 1801 videre!
2112 1748 2266 1799 Dicit
2302 1748 2504 1799 Saloni·

1430 1845 1546 1879 nam
1569 1831 1621 1879 in
1658 1829 1831 1879 nauius
1849 1827 2076 1890 injuriam
2099 1833 2401 1890 comparato
2425 1839 2507 1875 or·

1427 1914 1572 1971 natu,
1593 1909 1916 1958 occasionem
1951 1904 2274 1955 sermonibus
2299 1904 2504 1968 praebu-

1427 1987 1564 2048 isse3
1597 1982 1988 2051 quantomagis
2021 1983 2184 2046 igitur
2220 1980 2382 2044 Otho,
2413 1976 2505 2045 qul

1427 2064 1593 2113 virum
1617 2065 1816 2113 clarum
1838 2069 1997 2127 atque
2012 2059 2239 2109 nobilem
2253 2056 2504 2123 cupiebat

1428 2140 1704 2190 evertere?
1741 2137 2108 2188 Freinshemius.

1495 2218 1629 2268 CAP.
1650 2221 1733 2267 67.
1775 2216 1912 2279 Voce,
1933 2216 2097 2276 vultu,
2119 2227 2172 2262 eo
2192 2208 2335 2276 quod]
2370 2210 2505 2275 Lip-

1431 2293 1536 2345 sius
1571 2298 1619 2344 et
1650 2294 1787 2358 quod.
1854 2294 1968 2356 Ego
2010 2290 2164 2355 paulo
2200 2288 2354 2338 aliter
2383 2301 2504 2337 cum

1432 2371 1532 2421 alia
1547 2370 1881 2420 distinctione
1901 2384 1915 2417 z
1946 2370 2182 2432 premeret
2195 2380 2321 2429 voce,
2337 2365 2470 2413 vultu
2485 2381 2506 2424 ,-

1431 2462 1569 2512 eoque
1589 2447 1713 2511 quod
1731 2446 1833 2509 ipse
1855 2428 2137 2494 ereberrime
2155 2439 2505 2503 interrogabat.

1431 2521 1718 2573 Acidalius.
1781 2522 1863 2570 De
1886 2521 2032 2570 vultu
2063 2519 2271 2584 proprie
2291 2517 2377 2567 hic
2401 2516 2508 2580 agi·

1439 2603 1538 2649 tur.
1609 2598 1697 2648 Sic
1721 2611 1799 2647 1v.
1823 2601 1904 2647 34.
1940 2596 2090 2645 Idem.

1502 2677 1570 2726 Ut
1616 2675 1864 2726 tormentis
1918 2670 2353 2735 interrogarentur]
2414 2670 2507 2721 Ita

1424 2753 1658 2817 Lipsius:
1692 2753 1866 2816 vulgo,
1886 2751 2263 2812 interrogentur.
2317 2747 2508 2797 Piche·

1426 2846 1510 2881 na.
1573 2828 1789 2895 Optime
1814 2827 1901 2877 alii
1924 2827 2354 2888 interrogarentur.
2397 2823 2505 2873 Sed

1427 2908 1567 2960 unde
1606 2914 1883 2973 peccatum
1923 2906 2029 2955 tale
2063 2904 2118 2954 in
2157 2919 2214 2952 re
2249 2903 2410 2966 clara,
2449 2907 2507 2951 et

1428 3001 1582 3052 quam
1598 2985 1801 3050 flagitat
1817 2981 2046 3033 ἀκολυθία
2062 2980 2313 3032 sermonis
2331 2981 2349 3028 ?
2382 2978 2506 3029 Sus-

1427 3062 1647 3129 picabar
1669 3059 1944 3126 aliquando
1975 3057 2265 3123 hujusmodi
2288 3055 2508 3106 varieta-

1428 3147 1511 3192 tes
1550 3140 1788 3193 inductas
1813 3137 2087 3188 alibi-ariis
2125 3136 2202 3185 sic
2250 3133 2506 3183 ablativos

1431 3220 1712 3280 absolutos,
1727 3220 1805 3268 nti
1824 3230 2084 3279 vocamuS,
2097 3212 2473 3263 resolventibus
2487 3227 2504 3273 3

1429 3297 1804 3363 scripsisseque
1836 3293 2091 3357 Tacitum,
2129 3303 2287 3339 servos
2327 3288 2507 3352 Silani,

1428 3377 1679 3426 tormentis
1697 3374 2074 3436 interrogandos,
2094 3375 2240 3420 actor.
2276 3368 2502 3432 Sedjam

1431 3452 1652 3518 poenitet
1672 3451 1915 3514 licentiae,
1927 3456 1981 3499 et
2008 3448 2318 3510 cuicumque
2336 3443 2509 3508 potius

1432 3529 1753 3580 exer-rationi
1765 3528 1950 3578 scribae
1966 3522 2350 3590 imputaverim.
2377 3520 2510 3570 Gru-

1429 3612 1666 3746 tergtsis]
1714 3678 1946 3732 Faernus
1979 3676 2211 3742 legebat,
2246 3675 2404 3726 missis
2445 3674 2513 3724 ad

1435 3760 1672 3812 Coesarem
1690 3758 1938 3810 codicillis.
1971 3757 2205 3807 Ursinus.
2244 3754 2367 3804 Non
2390 3765 2509 3815 pos-

1434 3858 1545 3892 sum
1568 3847 1845 3906 exputare,
1863 3853 1958 3888 cur
1983 3850 2161 3886 vocem
2194 3836 2397 3882 mutare
2420 3842 2512 3878 vo·

1430 3919 1584 3969 luerit
1605 3919 1835 3968 Faernus
1859 3916 1910 3965 iu
1944 3913 2120 3963 missis.
2187 3907 2331 3960 Nihil
2365 3905 2506 3957 enim

1431 3996 1671 4046 usitatius
1680 3996 1846 4045 altero
1862 3993 2018 4043 etiam
2030 3987 2284 4053 'scriptori
2302 3984 2478 4035 nostro
2493 3998 2508 4034 ε

1431 4075 1674 4137 exempla
1710 4069 1994 4122 cumulavit
2034 4067 2330 4117 Rhenanus.
2407 4061 2506 4113 Ni-

1431 4151 1615 4200 mirum
1652 4150 1762 4198 vult
1792 4145 2018 4196 nondum
2058 4150 2208 4215 extra
2245 4155 2390 4206 spem
2429 4138 2510 4190 fu-

1430 4227 1566 4287 isse;
1602 4240 1663 4275 ac
1701 4223 2051 4290 praesumsisse
2097 4219 2334 4282 veniam3
2387 4230 2508 4268 nam

1433 4302 1700 4366 desperati
1745 4300 2040 4366 quiescunt.
2121 4298 2324 4349 Seneca
2366 4293 2507 4360 Aga·

1432 4392 1703 4431 memnone
1725 4381 1842 4429 5⁰2.
1893 4377 2053 4428 Idem.
