3009 4942
465 352 644 429 4068

467 515 578 578 tori
600 513 744 567 aliud.
775 530 807 566 s
845 514 983 576 bello,
1005 513 1280 580 aliquoties
1318 513 1541 578 ipsemet

470 592 706 654 indicst3
739 598 800 643 ut
818 607 936 656 cap.
951 596 1045 642 80.
1064 592 1130 641 de
1152 590 1338 641 morib.
1357 591 1539 640 Germ.

465 666 483 696 ¹
507 666 658 737 Alios⁸
674 668 740 718 ad
766 668 1002 733 praelium
1033 667 1109 717 ire
1139 667 1336 730 videas,
1357 667 1540 718 Cattos

475 744 542 795 ad
571 744 797 807 bellum,’
818 752 876 795 et
898 744 1037 795 alibi.
1105 744 1354 811 Gruterus.

539 820 690 882 Cuius
721 822 918 870 adversa
961 819 1196 884 pravitati
1233 818 1405 883 ipsius]
1436 818 1543 871 lni-

467 912 621 964 quam
661 898 1015 948 conditionem
1049 897 1269 959 ducum!
1322 895 1406 946 Ab
1438 897 1540 949 bac

467 976 663 1041 injusta
704 974 1049 1040 imputatione
1086 974 1541 1038 Carthaginienses

465 1067 573 1105 nnn
597 1052 911 1103 abhorruere
932 1068 945 1101 ε
984 1059 1038 1101 at
1063 1052 1292 1103 Pericles
1315 1051 1382 1101 ab
1409 1052 1543 1115 ejus-

468 1128 610 1191 modi
655 1128 900 1195 *barbaria
956 1134 1181 1178 remotos
1224 1143 1339 1179 esse
1377 1127 1540 1178 voluit

469 1204 851 1256 Athenienses:
889 1207 963 1255 ita
988 1206 1127 1254 enim
1161 1204 1291 1255 dicit
1320 1204 1387 1254 ad
1409 1204 1538 1253 invi-

463 1283 608 1345 diam
643 1283 1001 1334 declinandam
1035 1283 1103 1333 ob
1137 1282 1371 1332 morbum
1409 1282 1540 1331 divi-

466 1362 607 1433 nitus
629 1362 942 1411 immissum:
978 1360 1245 1410 Immerito
1279 1375 1342 1409 ea
1378 1360 1452 1409 de.
1481 1375 1538 1410 re

466 1440 612 1491 vobis
647 1440 765 1490 odio
802 1453 933 1499 sum,
972 1437 1205 1502 Thucyd.
1237 1438 1271 1487 l.
1297 1451 1359 1488 11.
1396 1435 1437 1489 εἴ
1472 1436 1540 1497 μὴ

467 1516 549 1567 καὶ
591 1516 708 1567 ὅταν
750 1515 877 1581 παρὰ
918 1514 1070 1578 λόγον
1120 1512 1393 1580 εὐπράξητε,
1438 1514 1540 1575 ἐμοὶ

465 1591 759 1652 &cohaeret
821 1592 856 1643 i.
905 1592 1002 1642 uisi
1042 1592 1188 1642 etiam
1235 1594 1420 1657 quaudo
1464 1607 1541 1641 res

463 1669 708 1733 inopinato
751 1671 1017 1732 succedunt,
1059 1669 1110 1718 ia
1146 1668 1266 1717 mihi
1298 1674 1540 1733 acceptum

451 1745 621 1807 sertis.
690 1746 981 1796 Felicitatis
1029 1761 1118 1795 vos
1154 1761 1238 1796 me
1273 1753 1538 1796 auctorem

469 1828 662 1873 vestrae
702 1837 805 1871 non
844 1821 1041 1886 facitis,
1081 1823 1168 1888 qui
1214 1823 1391 1887 itaque
1416 1823 1538 1872 mihi

464 1900 603 1951 mala
628 1905 796 1951 vestra
818 1899 1074 1963 imputare
1097 1899 1262 1950 libet?
1296 1899 1503 1951 Saliuer.

531 1975 616 2026 Aa
642 1974 894 2036 fortunam
939 1977 1107 2041 Reip.]
1155 1976 1412 2026 Budensis
1453 1991 1537 2027 co-

465 2052 603 2102 dex:
657 2053 738 2105 Aa
780 2052 1028 2121 fortunam
1085 2053 1233 2118 ipsius
1281 2054 1535 2115 referebat.

465 2130 767 2182 Rhenanus.
837 2132 1095 2183 Quorsum
1126 2129 1206 2180 hic
1249 2130 1369 2180 addi
1406 2145 1536 2194 opus

463 2221 647 2265 vocem
674 2204 852 2272 Rem?
886 2209 998 2272 Ego
1025 2222 1149 2256 sane
1189 2207 1309 2272 quia
1347 2207 1400 2256 in
1434 2208 1535 2257 Ro-

462 2298 618 2350 mana
643 2283 773 2333 edit.
791 2283 1261 2347 prosperafortunoe,
1283 2298 1380 2332 nec
1408 2285 1535 2333 satis

462 2359 715 2427 concinna
757 2360 939 2421 lectio,
981 2358 1160 2420 referre
1187 2359 1405 2419 fortunoe
1452 2360 1535 2409 vel

457 2437 730 2505 pravitati3
762 2436 1093 2487 scribendum
1135 2436 1375 2500 conjicio,
1403 2452 1536 2500 pros-

453 2529 572 2581 pera
580 2514 799 2576 fortunoe
820 2520 1013 2580 accepta
1035 2513 1286 2576 referebat.
1324 2515 1532 2567 Modius

460 2592 630 2658 Epist.
672 2597 723 2641 5.
760 2592 1040 2657 Novantiq.
1077 2592 1324 2659 Pravitati
1364 2592 1532 2656 ipsius,

457 2682 684 2733 prospera
709 2667 927 2729 fortunae
954 2668 1094 2733 Reip.
1116 2667 1362 2729 referebat.
1412 2669 1530 2721 Aci·

461 2743 645 2795 dalius.

529 2820 665 2870 CM».
689 2824 771 2870 39.
825 2819 1031 2881 Cognita
1063 2820 1338 2872 libertorum
1368 2826 1532 2886 poten·

457 2894 556 2967 tia]
589 2895 653 2945 In
678 2894 912 2945 Budensi
946 2895 1128 2946 codice
1162 2903 1264 2962 est,
1290 2898 1531 2948 libertino·

461 2985 586 3022 rum.
651 2971 945 3022 Rhenanus.

465 3103 472 3111 ,
521 3048 856 3113 Detentusque
900 3047 1036 3098 rebus
1081 3050 1310 3112 gerundis
1362 3052 1532 3103 Sueto·

459 3122 592 3188 nius]
645 3124 868 3174 Faernus
913 3125 1156 3191 legebat:
1208 3129 1530 3194 Demotusque

461 3199 602 3250 rebus
618 3201 868 3263 gerundis.
937 3203 1170 3253 Ursinus.

530 3277 628 3334 Qui
649 3284 753 3342 post
772 3294 948 3343 paucas
979 3296 1122 3329 naves
1153 3282 1206 3331 in
1242 3282 1420 3347 littore,
1453 3300 1528 3334 re-

459 3350 747 3419 migiumque
767 3356 818 3405 in
841 3356 901 3405 iis
915 3356 1165 3420 omiserat]
1188 3360 1251 3408 In
1272 3362 1528 3412 volumine

459 3431 597 3496 regis
624 3430 851 3496 Corvini,
873 3448 974 3482 non
1011 3439 1092 3482 est
1126 3450 1409 3499 pronomen
1430 3439 1529 3505 qui,

461 3513 517 3557 et
553 3523 647 3571 pro
679 3514 785 3573 post
819 3525 995 3573 paucas
1024 3512 1235 3576 legitur,
1253 3530 1526 3579 perpaucas.

459 3583 689 3632 Proinde
725 3585 894 3634 locum
926 3588 1001 3636 sic
1031 3590 1364 3641 restituimus.
1428 3595 1528 3644 De-

459 3662 704 3725 tentusque
727 3662 861 3712 rebus
893 3665 1121 3725 gerundis
1152 3666 1423 3733 Suetonius,
1445 3673 1527 3736 qui

453 3753 714 3803 perpaucas
735 3739 786 3789 in
809 3741 970 3811 Ιίαοζρ
1003 3759 1148 3793 naves
1185 3748 1527 3814 remigiumque

457 3816 511 3866 in
543 3817 609 3867 iis
643 3819 884 3884 amiserat,
916 3824 1152 3885 tamquam
1174 3826 1375 3875 durante
1392 3828 1527 3891 bello,

456 3895 536 3957 ᾅτ.
572 3894 870 3946 Rhenanus.
955 3899 1198 3948 Muretus
1230 3917 1525 3968 quamquam.

459 3970 643 4022 Recte.
711 3972 814 4022 Sed
839 3989 919 4023 me
943 3976 1097 4025 etiam
1119 3982 1227 4041 post
1261 3979 1388 4029 illud
1425 3989 1525 4031 tor·

459 4055 604 4112 quet,
637 4048 785 4113 cujus
823 4051 1020 4100 nullum
1054 4068 1199 4103 usum
1224 4056 1306 4105 hic
1334 4057 1523 4119 video,
1509 4076 1522 4086 ·

458 4140 742 4192 vereorque
785 4142 849 4177 ne
888 4130 1110 4192 paucula
1150 4132 1387 4198 quaedam
1422 4137 1525 4186 alia

458 4216 522 4249 eo
545 4202 647 4253 loci
669 4201 858 4254 desint.
923 4205 1053 4255 Tale
1076 4204 1212 4257 torte
1238 4210 1379 4273 quid,
1400 4215 1525 4276 quod

455 4274 659 4346 lio-stiam
688 4282 911 4345 proedatu
936 4298 1134 4351 paucas,
1168 4288 1252 4348 ⁸5⁶·
1287 4288 1369 4338 vel
1402 4291 1524 4355 quod

483 4538 524 4593 ιζ

1166 368 1386 420 norm
1433 367 1838 433 unionum
1885 367 1967 418 in

1612 517 1890 577 “munte
1928 526 2122 577 paam,
2163 515 2247 576 ise.
2312 510 2525 563 Certum
2558 511 2687 579 quid

1612 603 1716 638 non
1738 589 1892 639 video
1915 590 1969 638 in
2007 595 2120 639 tota
2147 587 2248 640 ista
2271 597 2438 654 parte.
2505 588 2689 640 Etiam

1612 666 1680 716 de
1717 682 1819 732 quo
1857 668 2015 718 litore
2058 667 2316 732 loquitur?
2348 666 2608 733 quomodo
2647 667 2692 733 si

1610 757 1769 793 naves
1824 743 2018 806 amisit,
2076 742 2347 806 remigium
2403 743 2459 792 in
2501 745 2691 794 iisdem

1612 821 1847 875 amisisse
1872 822 2099 873 dieitur?
2164 821 2424 871 Acidalius.

1679 900 1817 950 Cu».
1838 903 1922 950 40.
1958 900 2081 961 Eius
2116 897 2424 963 propinquas]
2457 898 2522 948 In
2546 897 2692 947 volu-

1612 976 1749 1027 mine
1772 977 1909 1040 regis
1933 974 2149 1026 Corvini
2183 980 2282 1037 est,
2304 979 2352 1023 et
2381 974 2691 1037 propinquus.

1612 1052 1768 1119 forte,
1789 1055 1851 1107 ei.
1889 1054 2188 1103 Rhenanus.
2255 1051 2383 1115 Legi
2416 1066 2537 1101 cum
2571 1051 2693 1100 Mu·

1612 1137 1745 1192 reto,
1769 1131 1853 1183 Ei.
1920 1129 2086 1179 Idem.

1686 1207 1814 1256 Vicio
1836 1206 2033 1273 Rufino]
2058 1206 2341 1271 Exemplar
2357 1160 2699 1270 Manuscrip·

1613 1288 1740 1347 tum,
1793 1283 1959 1333 vincio
2003 1282 2206 1348 Rufino:
2272 1280 2432 1342 forte,
2481 1281 2691 1332 Vinicio.

1612 1359 1912 1410 Rhenanus.
1993 1359 2196 1422 Scribe,
2241 1358 2443 1408 Vinicio.
2486 1358 2696 1408 Merce-

1614 1453 1717 1488 rus.
1756 1438 1987 1489 Faernus
2020 1438 2246 1502 legebat,
2276 1438 2462 1488 Vinicio
2490 1438 2691 1504 Rufino.

1612 1516 1755 1579 Non,
1787 1516 1916 1566 Vioio
1939 1515 2137 1581 Rufino.
2201 1515 2442 1565 Ursinus.

1683 1591 1949 1641 Tabulariis
1968 1606 2081 1655 quos
2099 1589 2376 1654 memoravi]
2409 1590 2477 1641 In
2499 1589 2690 1641 tabulis

1614 1668 1980 1721 scribebantur
2044 1675 2390 1719 testamenta:
2462 1667 2689 1734 ideoque

1617 1746 1799 1796 Prima
1822 1755 1944 1801 sunt
1964 1746 2141 1809 dictae,
2158 1752 2215 1796 et
2235 1745 2462 1796 Secundo
2480 1745 2693 1806 tabule,-

1608 1822 1732 1873 inde
1763 1823 2007 1875 Tabularii
2031 1825 2318 1888 scriptores
2352 1829 2409 1872 et
2448 1822 2687 1888 obsigna-

1608 1907 1753 1958 tores
1791 1907 2245 1950 testamentorumz
2298 1900 2397 1950 hoc
2436 1904 2542 1961 est,
2581 1906 2687 1949 tes-

1612 1984 1725 2029 tes:
1768 1991 1883 2027 nam
1929 1993 2096 2044 neque
2143 1984 2268 2028 tunc
2315 1975 2686 2028 tabellionibm

1612 2055 1914 2117 utebantur,
1956 2070 2124 2119 neque
2163 2059 2481 2104 testamenta
2512 2052 2687 2116 aliter,

1613 2148 1765 2198 quam
1788 2133 2068 2197 scriptura,
2092 2129 2525 2182 conficiebantur.
2564 2131 2684 2181 Fer·

1608 2216 1781 2262 rettus.
1869 2211 2011 2260 Olim
2071 2215 2442 2259 testamentum
2492 2208 2689 2272 ’episto-

1608 2289 1777 2339 lamve
1800 2288 2049 2351 scripturi
2082 2287 2204 2336 stilo
2240 2286 2292 2334 in
2331 2284 2526 2335 tabulis
2559 2282 2683 2334 inci·

1610 2364 1824 2427 debant,
1867 2364 2052 2430 quibus
2098 2378 2221 2413 cera
2259 2360 2684 2427 superimposita,

1609 2449 1666 2491 et
1688 2441 1778 2490 bas
1802 2441 1908 2491 lino
1940 2439 2128 2490 deinde
2165 2438 2487 2502 obligabant,
2510 2444 2568 2487 et
2595 2437 2691 2486 de·’

1608 2532 1748 2575 mum
1771 2518 1970 2568 tabulas
1992 2521 2193 2567 ceratas
2215 2515 2585 2578 obsignabant,
2604 2514 2683 2563 uti

1610 2595 1891 2660 Chrysalus
1931 2593 2112 2643 Plauti
2156 2591 2506 2642 Bacchidibus
2552 2590 2682 2640 indi,

1609 2678 1712 2723 cat.
1779 2672 1932 2732 Inde,
1965 2671 2051 2737 qui
2075 2671 2334 2720 adbibitus
2358 2685 2390 2718 a
2420 2675 2679 2720 testatore

1608 2748 1873 2800 literarum
1915 2749 2111 2813 ignaro,
2147 2753 2525 2798 testamentum
2556 2745 2681 2796 scri·

1607 2825 1777 2888 beret,
1798 2826 1954 2890 quive
1980 2831 2192 2891 rogatus
2232 2824 2297 2873 ab
2332 2824 2501 2873 amico
2533 2823 2680 2874 tabu-

1605 2903 1680 2952 las
1703 2909 2006 2953 contractus
2031 2908 2291 2964 exararet,
2324 2900 2593 2952 tabularius
2612 2902 2678 2955 ab

1605 2979 1833 3044 Ulpiano
1877 2979 2100 3031 dicitur:
2172 2992 2340 3044 neque
2383 2979 2524 3028 enim
2569 2985 2678 3029 tum

1604 3064 1773 3119 erant,
1795 3062 1854 3106 ut
1878 3071 2014 3106 nunc
2039 3057 2198 3107 nimio
2217 3057 2395 3120 plnres
2419 3064 2559 3121 sunt,
2591 3057 2678 3122 qui

1607 3134 1911 3184 tabulariam
1952 3133 2339 3198 profiterentur.
2406 3132 2508 3183 luo
2554 3146 2678 3182 sane

1603 3210 1756 3261 modo
1803 3211 2044 3260 Valerius
2088 3210 2357 3260 Fabianus·
2397 3216 2679 3259 testamen·

1604 3293 1715 3336 tum
1741 3287 1974 3336 Domitio
2008 3287 2174 3336 Balbo
2215 3286 2570 3352 subjecturus,
2601 3288 2678 3337 ita

1603 3381 1664 3416 ac
1687 3366 1730 3416 si
1753 3381 1818 3416 ex
1842 3366 1980 3415 illius
2006 3372 2191 3429 rogatu
2222 3366 2423 3416 tabulas
2443 3366 2677 3431 scripsit,

1603 3444 1822 3510 ideoque
1867 3444 2133 3493 tabularius
2177 3443 2438 3507 Cornelio,
2484 3443 2675 3493 deinde

1602 3522 1780 3572 ascitis
1829 3521 2052 3572 testibus
2109 3520 2414 3584 signandum
2458 3520 2678 3577 obtulit,

1602 3599 1755 3650 Quod
1801 3599 1875 3648 ita
1919 3598 2084 3649 sentio
2127 3613 2194 3648 ne
2239 3599 2468 3662 plurium
2521 3613 2676 3649 manu

1599 3677 1808 3741 scriptae
1836 3677 2138 3728 testamenti
2158 3677 2352 3728 tabulae
2372 3677 2673 3728 videantur.

1599 3755 1695 3804 Est
1711 3755 1869 3819 igitur
1889 3755 2013 3804 vitio
2034 3753 2388 3819 repurgandus
2409 3752 2495 3804 hic
2513 3755 2677 3818 locus,

1601 3836 1657 3880 et
1700 3832 1775 3880 ita
1820 3831 2114 3896 legendum,
2135 3830 2378 3880 Fabianus
2409 3830 2676 3882 tabularius

1599 3906 1662 3955 iis
1678 3923 1788 3970 quos
1805 3909 2077 3971 ntemoravi,
2091 3912 2139 3957 et
2160 3908 2274 3957 aliis
2294 3909 2453 3958 minus
2472 3907 2676 3958 illustri·

1600 3981 1683 4033 bus
1704 3984 1941 4048 obsignat,
1963 3985 2015 4034 id
2041 3991 2138 4049 est,
2172 3984 2359 4037 falsum
2395 3992 2676 4036 testamen·

1601 4065 1711 4108 tum
1745 4061 1915 4124 signat
1951 4062 2083 4125 ipse,
2105 4067 2214 4111 tum
2240 4059 2438 4112 fraudis
2463 4061 2675 4127 partiei-

1601 4136 1749 4199 pibus
1792 4138 2098 4202 signandum
2150 4136 2324 4204 offert,
2365 4155 2482 4205 quae
2507 4176 2511 4180 -
2516 4142 2671 4205 juxta

1599 4213 1844 4262 solemnia
1858 4215 1997 4277 juris
2022 4215 2432 4278 accommodata,
2455 4215 2520 4266 fit
2538 4215 2670 4267 veri*

1600 4290 1784 4342 simile.
1837 4291 2134 4343 Vetti-anius.
2196 4293 2514 4345 Emendavit
2552 4293 2671 4363 Lip-
