3009 4942
784 391 1082 443 Lunw.
1127 392 1292 445 cAP.
1334 380 1447 445 ⁸77.
1492 395 2049 448 nis'romARUM.

315 535 675 601 erediderunt,
697 553 764 589 ne
800 553 834 588 a
874 539 1122 589 libertate
1155 555 1385 590 movere-

317 615 442 673 tur!
506 616 570 665 In
593 615 769 681 Agric.
794 618 810 646 ‘
832 633 949 667 cum
974 618 1283 667 denotandis
1307 624 1386 667 tot

316 691 580 742 hominum
605 695 889 758 palloribus
914 694 1174 744 sufficeret
1216 711 1383 744 saevus

315 770 409 819 ille
429 772 618 836 vultus,
638 780 694 822 et
727 774 901 837 rubor,
921 789 952 822 a
974 788 1075 838 quo
1111 788 1167 822 se
1201 783 1385 823 contra

316 845 569 909 pudorem
591 849 895 898 muniebat!
962 850 1166 912 Nempe
1183 864 1282 913 quo
1301 865 1383 898 ru-

314 921 445 972 bore
466 938 672 988 semper
686 926 964 987 coloratus,
985 939 1241 990 nunquam
1273 926 1382 991 dig-

316 1003 463 1053 nosci
501 1009 729 1067 poterat‚
769 1019 831 1052 an
856 1019 974 1054 eum
998 1005 1191 1068 aliquid
1225 1005 1384 1068 pude-

317 1088 419 1130 ret.
486 1081 770 1131 Immanem
810 1081 1053 1145 belluam,
1076 1082 1162 1146 qui
1200 1082 1383 1132 nihilo-

315 1157 486 1206 minus
532 1158 893 1208 verecundiam
930 1159 1028 1209 sibi
1055 1159 1380 1209 vendicabat.

316 1235 602 1285 Suetonm.
624 1240 703 1285 18.
737 1236 752 1263 ‘
774 1235 1126 1285 commendari
1161 1251 1217 1285 se
1241 1250 1383 1285 vere·

318 1310 511 1359 cundia
543 1310 646 1360 oris
686 1312 816 1361 adeo
853 1311 1130 1373 sentiebat,
1160 1318 1218 1360 ut
1241 1311 1382 1376 apud

318 1394 559 1438 senatum
623 1389 698 1438 sic
755 1389 1015 1454 quondam
1056 1389 1340 1452 jactaverit
1366 1405 1379 1437 ε

317 1479 480 1529 usque
535 1464 699 1516 adhuc
743 1475 894 1528 certe⁴
945 1467 1170 1516 animum
1212 1480 1379 1515 meum

318 1543 581 1605 probastis
602 1550 656 1592 et
679 1542 912 1593 vultum?
973 1543 1213 1593 Liberius
1236 1550 1382 1594 certe

317 1618 555 1682 Caligula
576 1620 711 1683 apud
736 1620 955 1669 eundem
976 1635 1024 1670 c.
1042 1624 1124 1670 29.
1173 1620 1381 1670 Saliner.

386 1697 551 1747 Posito
573 1698 705 1746 civiti
728 1697 866 1760 bello]
924 1700 1020 1747 Est
1042 1700 1095 1747 in
1121 1699 1220 1747 vol.
1246 1698 1383 1747 Mat·

316 1775 442 1824 thiae
470 1775 699 1834 Corvini,
716 1777 866 1838 posito
886 1776 1058 1824 civium
1082 1774 1214 1824 bello.
1250 1776 1382 1824 Rhe-

314 1842 437 1900 nan.
506 1853 647 1902 Flor.
669 1854 858 1902 civium.
891 1855 1143 1902 Pichena.

386 1929 486 1984 Qui
507 1946 662 1979 vocem
688 1946 933 1994 precesque
953 1931 1193 1993 adhibere]
1228 1931 1382 1980 Inde-

316 2018 493 2054 corum
529 2007 623 2055 hoc
646 2014 701 2054 et
724 2005 1112 2068 inconvenienS,
1136 2014 1194 2056 ut
1220 2008 1380 2055 victo-

316 2095 401 2130 res
421 2083 651 2131 lacrimis
696 2083 1003 2147 silentioque
1028 2084 1231 2132 veniam
1269 2082 1381 2131 aliis

295 2158 587 2221 ‘petierint.
668 2162 785 2210 'Nec
825 2163 1039 2223 scripsit
1088 2168 1179 2209 aut
1223 2150 1382 2210 sensit

314 2236 413 2285 lioc
451 2237 681 2300 Tacitus,
700 2238 792 2287 sed
832 2245 1018 2288 contra
1053 2238 1118 2286 de
1155 2238 1277 2301 ipsis
1311 2239 1406 2287 le-*

314 2312 552 2375 gionibus
572 2313 844 2366 dedititiis.
908 2315 1097 2381 Itaque
1121 2330 1273 2365 unam
1299 2315 1382 2364 lit-

235 2392 242 2399 '
317 2391 540 2440 terulam
595 2392 732 2443 addo
777 2394 981 2454 saltem,
1024 2408 1137 2458 quae
1175 2407 1380 2442 sensum

316 2466 472 2530 plane
529 2475 694 2518 mutet
741 2469 796 2517 in
841 2469 1122 2532 diversum,
1160 2469 1381 2533 legeque

313 2543 446 2606 quia,
486 2559 589 2594 non
633 2546 732 2609 qai.
802 2547 1043 2595 Muretus
1088 2547 1173 2610 qui
1212 2548 1381 2610 ipsum

314 2621 542 2670 deletum
567 2622 707 2671 ibat:
746 2623 883 2687 quod
916 2623 981 2672 ad
1006 2636 1207 2677 sensum
1231 2636 1380 2686 aeque

314 2695 524 2759 bonum,
568 2698 632 2746 ad
670 2698 919 2748 sermonis
956 2706 1155 2748 textum
1196 2700 1381 2748 minus.

316 2772 388 2821 Et
409 2772 609 2823 facilius
632 2781 714 2823 est
735 2789 887 2823 unam
924 2776 1206 2824 litterulam
1246 2776 1380 2839 peri·

313 2849 418 2897 isse
441 2846 592 2915 quam
631 2857 736 2901 tres
768 2852 975 2902 omnino
997 2860 1194 2902 temere
1217 2860 1382 2905 natas.

314 2926 505 2977 Acidal.
1193 2978 1198 2983 .
1307 2928 1310 2937 '

384 3005 506 3059 Quoe
544 3007 751 3055 militum
790 3008 1066 3072 aureumque]
1132 3009 1212 3057 Ex
1238 3009 1378 3057 Flor.

314 3080 389 3130 sic
413 3082 636 3133 restitui.
682 3085 870 3148 Vulgo,
890 3087 1133 3134 ducemne.
1159 3085 1318 3134 Pieli.

383 3158 601 3208 Primum
622 3161 811 3209 illorum
823 3161 1185 3226 stipendiorum]
1215 3163 1383 3227 Scrip-

297 3233 377 3296 -si‚
421 3234 628 3298 primum
668 3238 802 3286 illum
843 3241 1197 3301 stipendiorum.
1245 3241 1381 3288 Rhe·

313 3326 495 3364 nanus.
1013 3358 1024 3369 .

381 3391 518 3440 CAP.
541 3395 623 3440 73.
661 3392 739 3441 Ne
766 3394 1007 3457 qnisquam
1043 3396 1249 3443 alienum
1284 3409 1382 3444 ser-

312 3465 507 3530 vitiam]
573 3468 703 3532 Nos,
736 3483 821 3517 nec
851 3470 1096 3533 qaisquam
1127 3470 1269 3519 alien.
1290 3485 1381 3523 ser.

311 3542 549 3592 Rhenan.

379 3621 514 3670 CAP.
535 3625 619 3670 74.
656 3623 714 3670 Id
740 3617 886 3672 solam
921 3623 1052 3673 vobis
1093 3624 1381 3688 addidimus]

309 3695 379 3745 V.
406 3709 454 3746 c.
490 3695 666 3759 habet,
702 3698 962 3760 adjicimus,
997 3700 1089 3749 sed
1131 3703 1383 3763 placeret,

309 3772 587 3822 ademimus.
632 3774 865 3825 Ursinus.
931 3777 1145 3824 suavius
1180 3776 1276 3826 hoc
1299 3779 1380 3826 ad-

310 3847 543 3911 didimus,
562 3865 712 3913 quam
740 3854 898 3900 bonus
926 3853 1132 3900 Fulvius
1159 3853 1379 3916 putavit.

313 3923 584 3987 Significat
622 3927 756 3975 enim
805 3928 1064 3978 interdum
1107 3944 1222 3992 quae
1270 3932 1381 3980 Me-

310 4000 512 4049 nander
568 4009 721 4052 vocat
773 4003 964 4053 ἐπίθετα
1017 4006 1156 4071 κακὰ,
1193 4014 1250 4056 ut
1298 4010 1382 4072 sit,

311 4077 487 4128 oneris
541 4080 893 4144 imposuimus,
957 4084 1137 4133 durius
1180 4087 1229 4133 in
1291 4102 1379 4135 vos

312 4156 589 4206 statuimus
610 4172 622 4205 ε
661 4166 719 4207 ut
744 4160 945 4208 Maroni
965 4162 981 4188 ‘
1005 4162 1213 4212 Teucris
1235 4163 1378 4212 addi·

312 4236 372 4282 ta
392 4233 567 4284 suno?
608 4234 746 4285 Vide
770 4236 835 4285 ad
860 4237 1069 4288 Senecae
1097 4240 1379 4292 Herculem

312 4309 599 4364 furentem
621 4327 732 4365 ver.
756 4317 902 4366 1237.
936 4315 1149 4367 Gronov.

2347 382 2523 451 43oe

1524 541 1844 593 Lmtdatontm'
1873 540 2161 607 principum]
2202 541 2374 595 Acuta
2399 557 2525 610 gno-

1459 634 1574 668 me:
1612 636 1763 684 quam
1787 635 1887 670 non
1905 621 2051 669 abest
2074 620 2195 684 quin
2219 621 2410 672 callide
2434 622 2525 672 ab·

1460 696 1673 745 ductam
1694 698 1940 747 Sallustio
1963 698 2190 759 credam,
2212 697 2261 746 in
2285 701 2522 751 oratione

1457 774 1614 823 Sullae
1640 775 1703 823 ad
1732 776 2013 825 Bocchum.
2031 774 2061 803 ⁴¹*
2094 777 2303 840 Lipsius.

1526 853 1828 902 Parabantur
1861 854 2119 918 exercitus]
2175 853 2367 921 Castig.
2386 871 2527 921 para-

1456 929 1649 978 buntur.
1685 931 1918 980 Rhenan.

1526 1009 1656 1065 Quid
1686 1009 1818 1057 aliud
1838 1025 1977 1072 quam
2011 1007 2154 1072 bella]
2221 1009 2524 1073 Graculum,

1456 1083 1604 1148 cujus
1625 1083 1780 1134 fidem
1822 1085 1997 1146 proavi
2022 1084 2301 1134 viderunt:
2339 1094 2394 1134 et
2429 1101 2521 1135 nos

1456 1159 1705 1223 videmus,
1725 1160 2138 1225 videbimusque,
2152 1162 2394 1225 quamdiu
2415 1176 2525 1211 sec-

1458 1243 1514 1287 ta
1538 1238 1589 1286 iu
1614 1245 1693 1288 tot
1718 1238 1948 1287 dominos
1973 1239 2182 1302 Europa
2215 1253 2318 1287 non
2344 1239 2525 1289 audiet

1457 1315 1610 1368 unius
1641 1314 1852 1378 Aurigae
1901 1315 2143 1363 habenas.
2214 1315 2522 1366 Plutarchus

1455 1391 1616 1455 igitur
1641 1406 1782 1452 vere,
1803 1394 1901 1440 διο.
1926 1390 1956 1419 ⁴*
1995 1391 2201 1455 Lipsius.

1523 1468 1660 1517 CAP.
1681 1472 1764 1517 ⁷5.
1802 1468 2079 1531 Quanquam
2117 1466 2308 1518 nuntios
2326 1467 2524 1517 occulta·

1455 1545 1588 1608 rent]
1637 1545 1668 1574 ¹*
1722 1544 1860 1595 fama
1899 1544 2056 1594 tulit!
2123 1546 2205 1593 En
2229 1544 2525 1609 Agrippina

1455 1620 1596 1673 Ann.
1622 1625 1655 1672 l.
1675 1637 1780 1673 xu.
1807 1629 1822 1650 ⁶
1841 1616 2128 1671 vocabatur
2143 1621 2352 1671 interim
2376 1636 2523 1671 seua-

1457 1706 1562 1762 tus,
1585 1707 1808 1765 votaque
1830 1714 1924 1762 pro
1953 1700 2310 1749 incolumitate
2333 1698 2540 1762 priuci-·

1456 1776 1538 1839 pis
1563 1777 1798 1826 consules
1837 1783 1891 1825 et
1928 1775 2226 1825 sacerdotes
2260 1789 2525 1839 nuncupa·

1457 1845 1740 1917 bant,cum
1772 1856 1882 1918 jam
1921 1854 2170 1903 exanimis
2195 1854 2424 1905 vestibus
2467 1858 2524 1902 et

1456 1928 1701 1978 fomentis
1721 1929 2070 1993 obtegeretur,
2086 1930 2204 1979 dum
2222 1945 2302 1979 res
2317 1928 2524 1978 firman·

1458 2006 1525 2054 do
1570 2007 1798 2054 Neronis
1842 2008 2062 2070 imperio
2107 2005 2524 2070 componuntur!

1457 2082 1666 2131 Saliner.
1735 2083 1921 2147 Neque
1944 2099 2040 2145 ego
2065 2084 2327 2145 vulgatam
2345 2083 2526 2132 lectio·
2554 2074 2559 2079 ’

1457 2174 1576 2207 nem
1634 2174 1839 2224 sperno.
1905 2160 2010 2209 Sed
2065 2175 2163 2208 nec
2204 2160 2382 2222 Lipsio
2422 2173 2525 2208 nee

1458 2235 1711 2286 Salinerio
1750 2235 2018 2286 assentior.
2083 2236 2182 2285 Ille
2215 2250 2281 2284 ex
2313 2236 2524 2285 Fames.

1457 2312 1792 2376 legitnantii:
1820 2314 1903 2362 hic
1922 2312 2111 2362 nuntios
2146 2313 2524 2375 interpretatur

1427 2445 1438 2450 ‚
1459 2404 1552 2454 pro
1588 2390 1704 2454 ipsa
1745 2405 1801 2439 re
1826 2406 1944 2455 quae
1983 2390 2284 2449 nuntiatur3
2320 2394 2376 2437 et
2408 2400 2524 2437 ver-

1456 2467 1600 2527 bum,
1632 2468 1939 2529 occultarent,
1975 2466 2042 2514 ad
2081 2465 2436 2514 Domitianum
2469 2470 2526 2513 et

1456 2544 1759 2594 Mucianum
1782 2543 1963 2594 refert.
2014 2545 2127 2607 Ego
2149 2557 2355 2606 censeo,
2377 2546 2474 2592 ὅτε.
2494 2542 2525 2572 '¹‘

1455 2621 1685 2671 Pie-liena.
1734 2662 1743 2668 .

1524 2699 1743 2746 Muciani
1780 2702 1827 2747 et
1866 2696 2138 2746 Domitiani
2175 2709 2317 2743 vana-
2332 2698 2379 2742 et
2403 2694 2525 2756 sine,

1456 2773 1564 2838 ξω]
1607 2775 1774 2824 Nimis
1797 2773 2040 2823 frivolum
2062 2780 2143 2821 est
2164 2773 2218 2821 in
2246 2772 2378 2822 Flor.
2402 2770 2526 2833 legi,

1458 2853 1679 2901 Muciani
1700 2857 1748 2901 et
1771 2851 2078 2901 Domitiani.-
2112 2857 2284 2899 tamen
2305 2855 2525 2912 propter

1457 2931 1693 2992 copulam
1718 2936 2041 2994 sequentem,
2070 2928 2360 2991 elegantius
2383 2926 2527 2976 vide-

1458 3014 1561 3058 tur.
1599 3009 1748 3058 Idem.
1826 3044 1831 3053 .

1528 3085 1627 3141 Qua·
1644 3086 1870 3134 attulerat
1886 3087 2012 3148 ipsas
2031 3085 2266 3148 epistolas,
2280 3086 2342 3133 ad
2358 3083 2527 3146 Deum]

1441 3161 1619 3226 -Lego,
1640 3163 1721 3227 qui
1753 3166 2005 3235 attulerat,
2031 3162 2248 3227 ipsa-silue
2286 3161 2526 3225 epistolas.

1456 3236 1664 3289 Acidal.

1525 3315 1659 3365 CAP.
1682 3319 1765 3363 ⁷6.
1800 3298 2032 3364 Ant'voto
2055 3313 2206 3376 stare]
2242 3313 2398 3362 Liber
2420 3324 2526 3360 ma·
2608 3370 2611 3373 Δ

1456 3404 1630 3439 nuscr.
1647 3398 1848 3440 tantum
1872 3391 2044 3453 habet,
2061 3395 2146 3439 aut
2170 3396 2369 3438 vastare.
2403 3390 2528 3439 For-

1457 3467 1630 3528 tassis,
1652 3473 1737 3515 aut
1751 3468 1870 3515 clam
1886 3473 2033 3517 stare.
2071 3467 2308 3515 Rhenan.

1463 3550 1474 3567 ⁶
1524 3544 1854 3593 Transvectam
1883 3560 1908 3594 e
1933 3543 2220 3606 Britannia]
2274 3542 2362 3592 Ita
2382 3541 2522 3592 Flor.

1455 3621 1645 3682 Vulgo,
1669 3638 1698 3669 a
1724 3622 1856 3670 Brit.
1910 3621 2162 3671 Pichena.

1525 3697 1623 3752 Qui
1645 3698 1704 3745 ab
1720 3699 1835 3760 ipsis
1853 3697 2152 3761 spernentur]
2188 3698 2316 3757 Nos,
2336 3709 2522 3760 speren-

1457 3780 1554 3824 tur.
1593 3776 1820 3825 Rhenan.
2490 3790 2495 3795 ·

1532 3854 1609 3901 Ex
1625 3853 1843 3915 reliquiis
1866 3852 2095 3900 Germani
2118 3846 2375 3909 exercitiis]
2422 3848 2523 3897 Re-

1457 3931 1627 3994 posui,
1653 3930 1927 3978 Germanici
1948 3930 2196 3981 exercitus.
2238 3928 2466 3973 Rlienan.

1524 4009 1772 4072 Imperitia
1810 4009 2012 4056 militam
2050 4010 2131 4054 sed
2171 4003 2524 4066 adolescentuli]

1458 4085 1605 4132 Duas
1633 4098 1782 4132 voces
1807 4084 2007 4130 militum
2028 4084 2126 4143 sed,
2147 4082 2521 4140 exemimusmt

1456 4160 1679 4222 legatur,
1733 4174 1824 4206 non
1877 4159 2119 4220 imperitia
2173 4155 2518 4217 adolescentuli,

1453 4235 1612 4297 verba,
1634 4236 1718 4296 &a
1753 4236 1983 4284 Rhenan.

1519 4316 1656 4365 cu.
1693 4319 1776 4365 ⁷⁷.
1836 4315 1976 4367 Viam
2011 4315 2139 4364 inter
2182 4315 2519 4380 mutamque
2612 4337 2618 4344 -
