3009 4942
1194 406 1449 459 Aemo.
1496 409 1661 460 ose.
1706 394 1814 461 46.
1889 414 1896 425 ¹

415 545 696 608 hominum,-
718 547 788 598 ita
824 548 1094 599 simulacra
1130 552 1299 601 vultus
1321 552 1480 602 imbe-

413 626 540 673 cilla
556 639 621 674 ac
644 626 880 675 mortalia
914 633 1034 676 sunt
1057 643 1069 675 z
1104 626 1269 677 forma
1293 632 1477 679 mentis

412 708 630 762 aeterna,
673 715 826 764 quam
863 707 1044 750 tenere
1086 710 1142 751 et
1185 705 1476 767 exprimere

411 791 514 824 non
552 790 648 839 per
685 778 902 826 alienam
927 780 1192 830 materiam
1216 788 1272 832 et
1293 791 1478 845 artem,

412 853 505 903 scd
532 854 633 903 tuis
654 857 764 918 ipse
783 855 1010 904 moribus
1035 857 1234 919 possis!
1266 859 1472 908 Saliner.

411 929 624 978 Caenutn
659 938 714 977 et
745 931 908 980 lutum
942 932 1038 981 hoc
1062 947 1280 996 purgare
1301 935 1476 999 aliqua

409 1002 475 1056 ex
505 1015 654 1070 parte
689 1008 762 1057 sic
791 1009 998 1072 Lipsius
1035 1018 1235 1060 tentat:
1269 1015 1477 1062 admira·

370 1126 378 1134 .
406 1083 534 1132 tione
547 1089 594 1133 te
607 1085 784 1147 potius,
804 1090 852 1133 te
866 1086 1211 1136 immortalibus
1227 1089 1445 1139 laudibus
1455 1108 1472 1140 .·

405 1177 505 1212 nec
526 1166 856 1228 progreditur
879 1168 1035 1219 ultra.
1102 1169 1341 1219 Muretus
1361 1176 1470 1220 tem-

394 1232 780 1303 'poralibusillud
801 1251 965 1292 totum
984 1244 1278 1295 deleverat:
1313 1248 1471 1297 credo

404 1319 527 1382 quia
571 1321 833 1383 censebat,
869 1323 1067 1385 priores
1110 1324 1198 1372 lias
1243 1325 1470 1389 syllabas

404 1400 604 1460 tempor,
630 1405 774 1447 natas
797 1413 862 1448 ex
886 1400 1303 1463 praecedentibus
1334 1403 1471 1452 voci·

400 1472 499 1521 bus
536 1478 585 1523 te
613 1475 801 1537 potius.-
853 1478 1165 1540 posteriores
1197 1479 1363 1542 atibus,
1403 1494 1469 1529 ex

402 1557 657 1614 sequente
693 1553 925 1603 laudibus.
994 1553 1081 1604 Ac·
1119 1556 1232 1604 fieri
1278 1563 1470 1622 potest,

400 1633 460 1675 nt
482 1628 596 1676 haee
631 1629 713 1678 vel
748 1624 906 1694 ipsius
940 1632 1023 1680 vel
1061 1639 1241 1682 nostra
1262 1634 1467 1698 conjec-

396 1710 518 1753 tura
554 1720 679 1755 vera
716 1708 799 1756 sit.
877 1709 1069 1758 Tamen
1113 1709 1193 1762 his
1234 1715 1466 1776 vestigiis

399 1781 649 1844 perduxit
669 1797 749 1832 me
770 1781 1007 1839 fortassis
1024 1785 1087 1837 ud
1105 1803 1298 1838 verum.
1334 1789 1465 1839 Cen.

394 1873 486 1907 seo
505 1873 605 1923 ego
623 1860 835 1913 verbum,
852 1863 1104 1928 ultimum,
1120 1866 1463 1930 quodcunque

397 1943 497 1998 est,
521 1951 624 1987 non
649 1953 680 1987 a
697 1942 952 2006 particula
967 1948 1033 2006 te,
1049 1958 1165 2007 quae
1185 1957 1461 2006 perperam

396 2012 606 2081 inserta,
651 2019 743 2068 sed
788 2019 853 2068 ab
896 2020 1011 2083 ipsa
1049 2034 1174 2069 voce
1217 2021 1463 2082 virtutum,

397 2106 512 2158 quae
567 2104 904 2158 praecesserat
947 2097 1122 2162 aliquo
1170 2097 1463 2161 intervallO,

394 2172 641 2235 pendere.

396 2247 688 2312 scripserim
708 2266 720 2298 :
757 2250 1068 2299 admiratione
1079 2249 1253 2312 polius,
1271 2256 1326 2298 et
1348 2251 1460 2314 [im-

394 2325 690 2388 mortalibus]
711 2327 943 2386 laudibus,
971 2331 1019 2374 et
1039 2326 1082 2373 si
1102 2314 1272 2375 viatura
1292 2340 1458 2389 suppe-

391 2401 534 2463 uitet,
579 2402 846 2451 imitatione
892 2404 1108 2452 colamus.
1171 2402 1457 2455 Acidalia&

393 2478 564 2527 Locus
603 2485 658 2528 et
699 2488 976 2542 corruptus
1012 2488 1065 2529 et
1109 2480 1336 2544 mutilus,
1372 2480 1457 2530 cui

390 2554 597 2618 Lipsius
642 2556 946 2605 medicinam
1002 2555 1129 2607 fecit
1171 2557 1454 2609 hactenus:

389 2634 703 2683 admiratione
738 2640 786 2683 te
825 2636 982 2698 potius
1022 2639 1070 2684 te
1112 2637 1456 2686 immortalibus

389 2709 624 2759 laudibus:
676 2711 899 2760 Videtur
920 2724 1099 2760 sensus
1123 2726 1263 2762 esse:
1300 2712 1454 2776 Agri·

389 2788 518 2835 colae
553 2786 697 2837 facta
735 2795 893 2852 atque
925 2787 1106 2837 famam
1147 2804 1265 2838 cum
1298 2790 1452 2840 laude

388 2869 445 2913 et
468 2864 611 2913 bonis
633 2864 1074 2915 recordationibus
1090 2866 1282 2927 potius,
1300 2880 1451 2930 quiam

386 2939 532 2989 luctu
556 2947 711 3005 atque
737 2942 970 2990 lamentis
997 2956 1110 2992 esse
1141 2957 1452 3007 prosequen-

388 3015 526 3065 dam.
579 3018 865 3080 Virdungus.
940 3019 1089 3069 Bene
1132 3020 1357 3083 Lipsius,
1402 3025 1450 3070 te

386 3093 724 3143 immortalibus
734 3095 948 3144 laudibus
959 3112 976 3144 .·
1008 3096 1098 3144 sed
1117 3104 1170 3144 et
1187 3098 1451 3161 sequentia

387 3171 709 3219 emendanda
749 3172 803 3220 in
839 3173 974 3221 hunc
1006 3173 1248 3221 modum:
1283 3175 1450 3222 simili-

385 3248 550 3297 tudine
574 3251 851 3311 decoremus,
873 3256 960 3297 aut
983 3250 1246 3298 imitatione
1266 3252 1450 3300 decore-

385 3336 508 3373 mus.
592 3325 783 3374 Similis
821 3338 999 3374 sensus
1042 3326 1177 3388 apud
1226 3327 1448 3376 Diouem

385 3402 743 3452 Prusaeensem
780 3404 1011 3451 oratione
1033 3407 1116 3452 29.
1154 3410 1208 3452 et
1243 3404 1449 3453 Plutar-

383 3478 533 3526 chum
589 3478 938 3528 consolatione
989 3480 1054 3528 ad
1103 3479 1448 3543 Apollonium.

386 3555 604 3602 Grotius.
688 3555 821 3604 Haec
865 3562 988 3605 sunt
1041 3558 1446 3620 corruptissima.

384 3632 522 3682 Quid
563 3633 605 3681 si
655 3634 842 3696 partim
888 3647 955 3682 ex
991 3634 1223 3694 aliorum,
1260 3637 1446 3697 partim

381 3715 561 3757 nostra
613 3708 908 3772 conjectura
963 3709 1262 3772 legeretur?
1346 3713 1449 3761 Nos

379 3789 568 3836 domum
591 3791 739 3849 tuam,
771 3788 830 3834 ab
851 3788 888 3836 i.
913 3790 961 3836 d.
982 3793 1030 3838 et
1051 3803 1113 3836 m.
1138 3789 1170 3839 l.
1191 3791 1254 3838 ad
1274 3805 1315 3838 c.
1340 3805 1385 3838 υ.
1407 3795 1447 3840 t.

382 3879 628 3913 vocamus:
652 3878 767 3928 quas
788 3879 833 3913 n.
861 3866 893 3913 l.
914 3881 963 3927 p.
977 3864 1064 3923 fus
1083 3870 1172 3914 est.
1227 3868 1449 3915 Admira-

378 3941 510 3992 tione
531 3946 579 3990 te
606 3942 767 4003 potius
786 3942 1127 3991 immortalibus
1149 3943 1378 4006 laudibus,
1400 3948 1449 3993 et

379 4018 426 4067 si
463 4020 635 4067 natura
677 4019 963 4081 suppeditet,
1007 4020 1278 4069 imitatione
1319 4021 1449 4086 (vel,

379 4094 714 4157 similitudine)
733 4097 1012 4145 decoremus.
1054 4096 1316 4146 Boxhorn.

446 4172 731 4234 Famamque
752 4187 809 4220 ac
827 4171 1042 4236 figuram
1063 4174 1232 4245 animi]
1288 4175 1448 4225 Certo

367 4246 666 4329 formamque
683 4248 1031 4314 scribendum,
1047 4262 1149 4299 non
1158 4250 1450 4317 saniemque,

731 2173 909 2237 Atque
951 2173 1028 2223 ita
1074 2179 1237 2222 totum
1293 2171 1472 2223 locum‘

1511 3246 1786 3295 ¹tuebantur
1821 3244 2084 3293 armatum?

1554 554 1691 620 quod
1715 555 1915 607 viderat
1937 557 2092 608 etiam
2125 560 2328 624 pridem
2362 562 2616 617 Muretus.

1551 629 1816 681 Acidalius.

1615 707 2007 760 Inter-cedendum
2046 706 2231 776 putem]
2287 715 2510 767 Videtur
2542 719 2616 768 le-

1549 783 1794 847 gendum,
1832 786 2222 855 interdicendum,
2258 806 2377 856 non,
2412 793 2615 845 interce·

1549 862 1769 924 dendum,
1790 866 1872 922 ξε.
1926 864 2159 921 Ursinus,

1616 939 1737 994 Quoe
1748 956 1976 991 marmore
1986 948 2070 991 aut
2083 945 2455 1009 oerefinguntur]
2476 948 2612 998 Cera

1548 1029 1672 1077 ergo
1714 1019 2081 1081 propemodum
2120 1019 2465 1082 absoleverat,
2495 1038 2613 1091 ‘qua

1547 1090 1669 1139 olim
1709 1092 1762 1140 in
1794 1093 2099 1157 imaginibus
2133 1097 2227 1159 usi,
2264 1103 2320 1146 et
2358 1100 2610 1150 atrienses

1547 1169 1721 1232 clypei
1742 1180 2009 1239 coeperant
2023 1172 2235 1222 formari
2269 1191 2497 1225 marmore
2520 1168 2610 1228 au't

1546 1260 1657 1295 oere.
1724 1248 1859 1296 Nam
1899 1249 2037 1314 loqui
2076 1250 2372 1301 Cornelium
2400 1255 2463 1302 de
2487 1255 2611 1304 ima-

1546 1322 1750 1385 ginibus
1771 1324 2034 1374 convincit
2057 1328 2192 1390 quod
2216 1329 2469 1391 sequitur,
2491 1332 2506 1359 ‘
2532 1320 2610 1381 Ut

1547 1400 1715 1449 vultus
1738 1400 1995 1449 hominum
2033 1403 2109 1451 ita
2142 1404 2417 1453 simulacra
2438 1407 2610 1456 vultus

1543 1475 1804 1525 imbecilla
1850 1492 1911 1525 ac
1964 1479 2201 1527 mortalia
2251 1488 2389 1538 sunt,
2444 1480 2607 1531 forma

1542 1552 1727 1600 mentis
1754 1553 1985 1602 aeterna)
2049 1553 2352 1604 Confessum
2371 1559 2504 1606 enim
2524 1566 2607 1608 est

1541 1628 1791 1692 imagines
1824 1630 1949 1679 nihil
1987 1629 2124 1678 aliud
2146 1628 2301 1680 fuisse
2340 1647 2493 1696 quam
2516 1649 2605 1681 ex·

1541 1723 1747 1772 pressos
1785 1711 1979 1761 vultus.
2065 1712 2150 1759 De
2193 1727 2287 1761 aere
2340 1720 2606 1776 superstes

1542 1800 1770 1848 praesens
1811 1793 1892 1836 est
1945 1787 2193 1850 Papinius
2236 1802 2299 1838 11.
2352 1789 2605 1842 Thebaid.

1537 1864 1553 1889 ‘
1576 1864 1775 1926 species
1788 1871 1871 1912 est
1893 1877 2108 1913 cernere
2127 1879 2336 1913 avorum
2359 1866 2603 1918 Cominus

1539 1946 1594 1988 et
1614 1940 1740 1988 vivis
1760 1941 2020 1993 certantia
2041 1940 2263 1990 vultibus
2281 1942 2419 1991 asra)
2449 1944 2603 1995 Quod

1538 2032 1652 2066 meo
1691 2017 1896 2082 quidem
1938 2019 2109 2068 animo
2149 2033 2252 2067 non
2298 2021 2601 2071 mutabitur.

1537 2092 1764 2156 siremps
1789 2095 1875 2142 lex
1900 2095 2060 2144 Ovid.
2085 2096 2229 2146 Fast.
2255 2097 2288 2145 l.
2310 2110 2386 2144 v1.
2420 2099 2436 2125 ‘
2454 2098 2602 2147 Vidi·

1536 2185 1647 2220 mus
1704 2180 1910 2222 ornatos
1953 2180 2115 2222 aerata
2158 2188 2252 2236 per
2287 2173 2418 2222 atria
2458 2175 2602 2237 picta

1534 2249 1697 2297 Veste
1732 2249 2067 2313 triumphales
2090 2249 2392 2298 occubuisse
2415 2251 2599 2300 senes!

1534 2324 1586 2373 Si
1611 2325 1731 2375 mihi
1757 2327 1915 2376 liceat
1936 2328 1986 2375 in
2009 2341 2117 2390 rep.
2136 2325 2356 2375 sciscere
2376 2327 2598 2375 Littera·

1533 2402 1631 2464 ria,
1683 2403 1996 2452 Claudianus
2048 2404 2203 2450 etiam
2246 2407 2351 2449 stat
2395 2401 2459 2449 ab
2501 2401 2597 2450 hac

1535 2481 1823 2529 sententia:
1860 2483 1875 2507 ‘
1899 2480 2014 2528 Nec
2034 2478 2301 2543 quisquam
2325 2492 2595 2542 procerum

1534 2562 1721 2619 tentat,
1763 2558 1890 2608 licet
1932 2571 2035 2605 aere
2088 2562 2293 2604 vetusto
2353 2555 2596 2606 Floreat?

1534 2634 1850 2685 Prudentius
1889 2634 2018 2682 item
2056 2633 2143 2682 lib.
2172 2646 2207 2681 1.
2239 2638 2418 2680 contra
2449 2634 2596 2697 Sym-

1531 2710 1697 2759 mach.
1720 2710 1735 2736 ‘
1756 2724 1875 2758 cera
1899 2714 2234 2758 numerentur
2256 2717 2310 2757 et
2334 2709 2473 2758 aere.’
2510 2711 2594 2759 De

1530 2800 1783 2835 marmore
1839 2786 2046 2835 videtur
2113 2785 2313 2833 Plinius
2362 2784 2595 2835 indicare

1531 2877 1708 2913 xxxv.
1748 2870 1797 2914 2.
1848 2864 2037 2913 ‘aliter
2076 2862 2216 2927 apud
2268 2865 2489 2926 majores
2539 2865 2595 2913 in

1529 2943 1674 2990 atriis
1696 2942 1805 2991 haec
1825 2941 2097 3005 (imagines
2116 2940 2414 3003 corporum)
2443 2948 2597 2992 erant

1530 3032 1643 3083 quae
1667 3024 2045 3080 spectarentur,
2060 3030 2163 3064 non
2187 3017 2335 3079 signa
2355 3025 2595 3066 externo-

1509 3109 1636 3142 -rum
1659 3093 1915 3143 artificum
1939 3108 2037 3142 nec
2064 3108 2169 3142 aera
2208 3100 2300 3142 aut
2325 3107 2593 3144 marmora.

1528 3171 1776 3235 Expressi
1802 3186 1922 3220 cera
1957 3169 2128 3218 vultus
2167 3169 2379 3232 singulis
2419 3170 2593 3232 dispo-

2150 3244 2279 3291 Haec
2315 3244 2436 3291 mihi
2480 3244 2594 3293 loca

1528 3324 1881 3388 suppeditavit
1915 3322 2138 3385 benigne
2171 3335 2262 3369 suo
2300 3335 2446 3369 more
2472 3335 2591 3383 spes

1525 3402 1693 3449 altera
1731 3399 2008 3463 Belgarum
2046 3396 2288 3446 Claudius
2315 3396 2589 3459 Boucault‚

1528 3476 1798 3525 Barcluius.

1591 3553 1842 3615 Superstes
1876 3550 1993 3614 erit]
2046 3550 2166 3599 Nou
2212 3550 2342 3599 vane
2381 3550 2477 3600 hoc
2520 3549 2589 3600 de

1525 3630 1834 3692 scriptorum
1857 3641 2062 3677 suorum
2094 3628 2424 3690 perennitate
2458 3643 2588 3692 prae-

1524 3707 1722 3755 dieavit
1741 3706 1968 3767 Tacitus,
1991 3705 2057 3754 de
2078 3705 2265 3770 quibus
2289 3707 2446 3753 etiam
2479 3705 2591 3753 -Pli-

1525 3784 1637 3832 nius
1661 3782 1820 3846 nepos
1853 3782 2017 3844 Epist.
2042 3793 2161 3829 vm.
2186 3783 2269 3829 33.
2303 3779 2319 3811 ⁴
2345 3778 2588 3841 Auguror

1524 3862 1645 3929 (nec
1697 3874 1780 3910 me
1822 3858 1957 3908 fallit
2011 3855 2305 3922 augurium)
2349 3858 2586 3907 historias

1524 3947 1640 3988 tuas
1676 3938 1987 3988 immortales
2027 3935 2248 3997 futuras,
2288 3950 2390 3998 quo
2425 3935 2586 3999 magis

1521 4017 1623 4065 illis
1662 4016 1906 4081 (ingenue
1930 4011 2158 4077 fatebor)
2196 4013 2354 4061 inseri
2392 4011 2585 4077 cupio!

1521 4094 1637 4143 Lib.
1658 4106 1733 4142 vr.
1755 4106 1839 4155 ep.
1866 4096 1943 4139 lo.
1982 4094 1997 4118 ‘
2023 4089 2191 4139 Video
2210 4090 2364 4138 morti
2388 4090 2519 4153 ejus,
2543 4089 2585 4138 si

1521 4170 1819 4218 celebretur
1841 4182 1871 4217 a
1896 4175 1970 4231 te,
1994 4167 2333 4219 immortalem
2368 4167 2583 4232 gloriam

1522 4262 1637 4298 esse
1660 4245 2012 4313 propositam?
2064 4245 2357 4308 Virdungus.
