3009 4942
796 437 947 488 mn.
994 434 1097 489 tv.
1144 434 1309 486 eAF.
1353 419 2031 490 5.·111s·ronrAnuM.

294 579 546 645 uebatur,
565 579 784 646 oppido,
802 586 860 630 et
879 580 936 636 in
968 580 1069 630 ista
1091 579 1269 629 Romae
1290 578 1364 628 vi-

291 659 454 709 cinia.
514 658 617 707 Sed
649 658 900 724 quicquid
936 657 1156 708 tandem
1181 655 1363 719 fuerit,

285 735 480 800 majori
517 734 859 784 admiratione
899 733 1132 796 dignum,
1175 746 1207 781 a
1255 732 1364 795 qui-

292 811 507 862 busdam
572 810 879 861 Tarracinam
930 810 1015 858 hic
1067 806 1362 872 legentibus

292 880 452 937 inseri
494 887 757 952 explendo
811 886 986 936 sensui
1038 886 1254 948 septima,
1296 885 1362 935 ab

283 965 404 1025 aliis
419 966 641 1027 secunda,
659 977 775 1013 eum
802 970 976 1013 tamen
1017 964 1132 1013 luce
1170 963 1361 1013 clarius

290 1042 359 1095 sit
406 1043 565 1106 prim
626 1041 885 1092 contineri
939 1040 1101 1090 Italae
1152 1040 1361 1101 regione.

291 1120 434 1175 Nam
457 1119 628 1170 Italiae
652 1134 717 1169 ex
741 1118 964 1182 Augusti
1004 1117 1249 1166 divisione
1271 1131 1363 1166 un-

283 1196 461 1247 decim
504 1194 717 1246 fuerunt
753 1195 1011 1259 regiones.
1094 1193 1233 1243 Plin.
1271 1206 1360 1244 ιιι.

292 1277 376 1323 15.
395 1275 493 1325 etc.
515 1271 547 1302 ⁴*
568 1273 718 1323 Savia
761 1273 933 1323 Deest
956 1272 1154 1321 secunda
1169 1287 1186 1320 .-
1205 1270 1261 1320 in
1280 1283 1360 1320 ιιι.

281 1351 428 1403 enim
464 1351 700 1415 regiones
740 1349 917 1400 divisit
952 1348 1219 1412 Augustus
1254 1349 1361 1398 Ita-

287 1429 430 1478 liam.
500 1428 764 1477 Ferreum.
846 1426 1113 1476 Cornelius
1136 1424 1361 1487 regionis

288 1505 479 1568 ltaliae,
516 1520 622 1556 non
660 1504 870 1568 adjecto
889 1516 1123 1565 numero,
1141 1503 1362 1555 mentio·

289 1595 408 1631 nem
430 1583 649 1634 babuit..
696 1583 873 1634 Quare
912 1580 1097 1630 vitium
1130 1580 1361 1645 exscrip-

290 1663 477 1707 torum
503 1673 707 1723 accuso,
738 1658 827 1724 qui
862 1663 1039 1708 notam
1080 1656 1362 1721 septenarii

290 1737 493 1786 numeri
535 1736 999 1801 praetermiserunt.
1082 1736 1179 1785 Est
1221 1735 1361 1785 enim

286 1813 433 1876 apud
463 1814 689 1865 Plinium
730 1827 816 1865 ιιι.
851 1820 901 1865 6.
933 1816 948 1844 ‘
969 1815 1136 1879 Supra
1167 1812 1361 1864 flumen

290 1889 495 1960 oufens
536 1892 785 1957 oppidum
826 1893 1129 1957 Tarracina,
1180 1893 1361 1958 lingua

288 1954 599 2018 Volscorum
645 1969 848 2033 Anxur,
899 1969 1042 2020 intra
1095 1970 1360 2033 regionem

286 2043 462 2095 Italiae
487 2046 760 2109 septimam
788 2060 853 2096 ex
874 2045 1228 2109 descriptione
1252 2042 1361 2094 Au·

290 2120 464 2185 gusti!
551 2122 741 2187 Itaque
785 2124 861 2173 sic
900 2136 1120 2186 repono,
1167 2118 1361 2184 regione

285 2197 454 2253 12:215oe
473 2200 673 2263 septima
696 2200 986 2261 Tarracina,
1002 2203 1083 2264 ᾷτ.
1150 2199 1361 2248 Dicitur

287 2281 466 2327 autem
484 2277 764 2331 Tarracina
785 2277 1123 2341 municipium
1147 2290 1241 2340 pro
1268 2290 1360 2340 op·

289 2352 437 2418 pido,
467 2368 568 2405 ιιαιι
589 2368 657 2404 ex
674 2355 843 2405 veteri
864 2354 1084 2406 nominis
1103 2353 1361 2417 significa-

287 2429 450 2480 tione.
516 2430 600 2480 Sic
620 2430 758 2481 infra
777 2430 983 2493 eodem,
1006 2434 1020 2461 ‘
1036 2430 1179 2494 pacis
1198 2443 1363 2493 opera

288 2506 432 2557 haud
463 2509 645 2571 procul
666 2508 850 2558 castris
877 2508 932 2557 in
967 2505 1176 2559 modum
1197 2505 1362 2555 muni-

290 2582 417 2647 cipii
451 2590 719 2634 exstructa
737 2584 768 2633 :’
827 2589 883 2634 et
919 2583 996 2633 ita
1032 2581 1170 2635 forte
1208 2596 1364 2647 supra

287 2659 434 2713 Hist.
457 2673 522 2711 ιι.
545 2660 811 2725 Antipolis
829 2659 1137 2724 midpium
1152 2658 1363 2710 dicitur.

298 2737 526 2787 Ver-tran.
606 2734 823 2802 Septima
873 2752 976 2788 non
1015 2742 1095 2786 est
1128 2750 1159 2787 a
1196 2735 1362 2800 libris,

279 2829 465 2881 neque
494 2816 776 2866 Tarracina
806 2816 860 2865 iu
893 2814 1119 2878 septima
1151 2811 1364 2875 regione

288 2892 495 2955 Italiam
529 2899 585 2943 et
601 2894 860 2944 insuetum
880 2891 1066 2942 Tacito
1098 2889 1364 2980 regionem

291 2971 548 3035 adjicere,
564 2986 660 3021 nec
682 2971 1032 3021 necessarium
1055 2973 1181 3019 noto
1200 2967 1364 3018 muni-

290 3047 434 3112 cipio
469 3048 781 3098 Terracinae.
847 3046 987 3100 Quin
1026 3054 1085 3099 et
1119 3045 1244 3099 libri
1281 3058 1367 3095 va·

283 3123 450 3188 siant,
472 3130 528 3173 et
553 3123 691 3173 aliud
715 3124 1067 3189 quaerendum.
1102 3123 1365 3172 Mercerus.

289 3201 463 3252 Venia
484 3201 608 3252 mihi
642 3217 675 3250 a
707 3201 987 3252 Vertranio
1010 3216 1160 3266 opus.
1191 3227 1198 3231 ·
1228 3201 1365 3251 Nam

289 3291 412 3329 cum
431 3278 521 3327 ille
558 3278 781 3342 simplici
818 3285 1018 3330 tantum
1057 3278 1367 3341 conjectura

291 3353 486 3403 ductus
508 3355 849 3418 suppleverit,
881 3369 984 3419 ego
1013 3369 1215 3416 vocem,
1240 3368 1369 3417 pras·

285 3437 377 3481 ter
397 3429 553 3482 fidem
588 3433 816 3482 omnium
847 3431 1099 3481 librorum
1121 3430 1369 3494 additam,

289 3509 495 3570 sustuli,
532 3515 806 3559 contentus
839 3509 1068 3559 stellula
1084 3507 1260 3570 potius
1292 3506 1367 3554 lo-

283 3600 415 3634 cum
457 3592 679 3648 notasse,
720 3599 874 3650 quam
923 3585 1201 3635 arbitrario
1243 3583 1367 3646 jure

285 3667 508 3719 ,anctum
524 3660 776 3725 perferre.
841 3661 929 3711 De
946 3661 1139 3725 oppido
1160 3659 1369 3726 quidem

298 3737 573 3788 strracinoe
603 3738 934 3787 Florentinus
952 3738 1230 3789 consentit.
1265 3735 1368 3787 Sed

283 3814 473 3880 verba,
510 3815 702 3878 regione
736 3815 916 3877 Italica,
946 3822 1196 3878 corrupta
1237 3827 1372 3875 esse,

287 3906 448 3947 nemo
469 3899 569 3957 est,
590 3893 676 3958 qui
702 3893 950 3957 ambigat,
993 3893 1073 3942 vel
1098 3891 1267 3955 Lipsii
1289 3904 1370 3940 ar-

287 3971 575 4034 gumentis.
643 3969 831 4034 Neque
855 3985 953 4034 ego
976 3984 1086 4021 sum
1111 3967 1370 4033 tanti,qu1

293 4061 359 4101 ea
380 4047 650 4111 corrigam,
672 4048 797 4112 quid
814 4055 986 4097 tamen
1007 4047 1135 4097 mibi
1151 4047 1205 4097 in
1228 4058 1369 4097 men-

287 4130 405 4177 tem
428 4125 648 4187 venerit,
669 4124 796 4179 licet
829 4124 1069 4188 ineptias,
1091 4122 1371 4188 proferam,

291 4202 589 4267 praesertim
604 4215 721 4253 cum
738 4201 1084 4251 communium
1105 4201 1370 4251 literarum

291 4277 536 4342 :vestigiis
566 4290 669 4327 non
689 4279 845 4341 longe
867 4292 987 4328 mea
1007 4278 1259 4328 divinatio
1269 4278 1370 4328 ab·

295 4358 476 4407 erret:
533 4353 789 4409 Helvidius
801 4355 1012 4413 Priscus
1031 4355 1209 4421 igitur,
1227 4360 1373 4419 uetus

2331 423 2508 492 4275

1444 579 1715 629 Tarracina·
1755 579 2028 644 municipio.
2110 581 2270 631 Certe
2312 580 2507 647 aliquid

1436 657 1602 707 simile
1645 661 1906 708 sententia
1949 660 2135 723 poscit,
2185 674 2246 708 ac
2287 658 2507 711 fortasse

1438 736 1529 785 alii
1545 735 1809 785 meliorem
1826 736 2102 786 lectionem
2119 736 2509 800 excogitabant.

1437 813 1666 863 Pit-hena.
1731 814 1886 876 Regio
1900 812 2177 875 πολύσημον
2193 818 2274 863 est
2293 820 2349 863 et
2366 812 2507 865 inter

1438 897 1630 959 caetera
1666 890 1804 939 idem
1841 905 1957 940 cum
1992 891 2287 941 Provincia.
2357 890 2506 940 Curt.

1436 968 1475 1018 1.
1496 982 1551 1019 v„
1586 968 1601 993 ‘
1623 967 1742 1017 binc
1763 967 1814 1016 in
1840 968 2102 1031 regionem
2130 967 2322 1016 Mediae
2341 973 2508 1016 trans·

1435 1045 1513 1106 iit,
1535 1045 1621 1094 ubi
1643 1045 2059 1108 supplementum
2093 1059 2339 1094 novorum
2374 1044 2505 1093 mili·

1437 1126 1550 1169 tum
1587 1135 1617 1170 e
1654 1120 1842 1171 Cilicia
1864 1121 2128 1172 occurrit!
2193 1121 2334 1172 Quid
2379 1134 2505 1183 ergo

1435 1196 1708 1261 addemus,
1743 1195 1980 1262 septima?
2030 1199 2171 1250 Quid
2207 1197 2377 1263 (velut
2414 1196 2504 1245 Pi·

1436 1273 1624 1341 cbena)
1646 1273 2000 1336 reformamini,
2036 1274 2291 1324 Helvidius
2309 1273 2508 1324 Priscus

1431 1351 1588 1413 igitur
1607 1355 1747 1402 natas
1772 1352 2042 1401 Tarracina·
2077 1351 2331 1414 municipio
2345 1348 2371 1402 2
2411 1351 2505 1401 Sa·

1437 1428 1583 1479 liner.
1650 1429 1816 1478 Recte
1830 1427 2161 1491 judicaverat
2178 1427 2505 1489 Vertranius,

1433 1508 1619 1557 deesse
1655 1522 1922 1557 numerum
1960 1507 2217 1572 regionis:
2266 1505 2394 1556 illud
2416 1519 2507 1555 au-

1438 1591 1545 1635 tem
1584 1585 1750 1634 minus
1767 1592 1944 1652 geete,
1978 1583 2273 1648 legendum,
2313 1583 2508 1645 regione

1435 1661 1604 1711 Italioe
1622 1660 1853 1725 septima.-
1901 1675 2018 1711 nam
2055 1676 2153 1711 nec
2194 1674 2375 1711 vocem
2396 1666 2506 1708 tam

1436 1738 1666 1802 longam,
1689 1736 1837 1800 cujus
1875 1738 2016 1787 nulla
2037 1737 2089 1786 in
2113 1736 2260 1786 libris
2283 1734 2507 1798 vestigia

1436 1816 1792 1880 reperiuntur,
1815 1822 2009 1866 temere
2041 1816 2200 1865 inseri
2232 1818 2508 1877 receptum

1438 1899 1551 1944 est:
1588 1899 1642 1942 et
1662 1893 1801 1942 Plin.
1824 1906 1911 1942 ιιι.
1934 1897 1984 1944 5.
2045 1890 2381 1941 Tarracinam
2403 1901 2509 1937 non

1433 1970 1489 2019 in
1534 1970 1759 2034 septima
1807 1967 2019 2033 quidem
2063 1967 2232 2019 Italiae
2277 1965 2506 2031 regione,

1437 2045 1532 2096 sed
1571 2047 1625 2095 in
1677 2046 1844 2110 prima
1887 2045 2095 2113 videtur
2149 2043 2507 2102 constituere;

1436 2128 1760 2188 quapropter
1781 2122 1855 2170 ita
1875 2120 2050 2184 potius
2075 2120 2327 2182 scriptum
2348 2116 2508 2168 fuisse

1436 2200 1702 2264 suspicer:
1751 2198 1944 2260 regione
1975 2198 2021 2248 Ι.
2045 2197 2233 2247 Italioe:
2275 2196 2375 2246 hoc
2410 2201 2510 2258 est,

1435 2274 1835 2340 regionessprima
1857 2274 2045 2324 Italiae.
2078 2272 2359 2338 Sequentia
2384 2286 2509 2337 quo-

1436 2368 1540 2419 que
1595 2351 1782 2403 melius
1836 2351 1913 2402 ita
1964 2350 2213 2403 constitui
2277 2349 2507 2411 credam,

1442 2430 1729 2485 Tarraoinas
1779 2427 2065 2493 municipio.-
2129 2427 2264 2476 sicut
2316 2425 2510 2474 dicitur

1437 2510 1453 2538 ‘
1480 2509 1666 2558 Patria
1687 2506 1902 2561 Lesbius
1919 2503 1953 2556 ι’
2002 2505 2022 2532 ⁴
2045 2503 2255 2556 natione
2295 2502 2455 2565 Syrus
2476 2497 2510 2551 ι’

1437 2592 1498 2639 et
1518 2584 1721 2636 similia.
1790 2583 2086 2633 Freinshem.

1501 2663 1763 2726 Ingenium
1788 2661 1997 2725 illustre]
2044 2658 2076 2689 ‘⁵
2123 2655 2512 2708 defensionibus

1440 2738 1754 2805 expertum.’
1831 2737 2026 2789 Annali
2050 2748 2170 2787 xvr.
2201 2735 2219 2763 ‘
2238 2748 2410 2798 neque
2433 2731 2514 2782 fa·

1438 2820 1574 2873 mosi
1607 2816 1869 2881 carminis,
1903 2816 2027 2882 quia
2066 2813 2345 2879 protulerit
2367 2811 2513 2874 ingo-
2585 2810 2598 2821 “

1438 2898 1582 2951 nium
1601 2895 1633 2948 ι’
1680 2894 1717 2945 i.
1760 2894 2025 2960 specimen
2063 2891 2314 2943 doctrina}
2354 2896 2513 2952 atque

1440 2975 1753 3040 eloquentiae
1793 2971 2036 3023 ediderit.
2132 2967 2426 3034 Appuleius
2458 2964 2517 3021 in

1441 3053 1669 3117 Apolog.
1706 3050 1773 3101 de
1812 3046 2229 3100 accusationibus
2258 3044 2514 3097 nobilium

1441 3143 1681 3179 reorum:
1718 3130 1735 3156 ⁴
1760 3126 1850 3192 qui
1873 3140 1982 3177 mos
1999 3122 2372 3189 incipientibus
2395 3119 2517 3170 ado-

1440 3205 1743 3257 lescentulis
1788 3201 1856 3255 ad
1908 3198 2273 3253 illustrandum
2319 3194 2518 3259 ingenii

1440 3281 1624 3333 florem
1646 3280 1785 3344 apud
1807 3278 2046 3343 antiquos
2068 3289 2364 3327 concessus.
2369 3272 2383 3295 ’
2421 3271 2516 3322 Ni-

1439 3360 1648 3420 mirum,
1677 3363 1951 3422 postquam
1989 3350 2292 3416 eloquentia
2335 3349 2515 3398 docte-

1443 3453 1545 3502 que
1566 3433 1774 3485 dicendi
1813 3447 1876 3482 ac
1917 3428 2178 3480 scribendi
2202 3432 2317 3476 arte
2352 3424 2514 3473 incla-

1443 3513 1652 3572 ruisset,
1684 3510 1750 3560 ad
1773 3505 2159 3570 Philosophiam
2181 3518 2300 3554 eum
2322 3516 2377 3552 se
2400 3499 2514 3551 vult

1444 3588 1744 3640 contulisse.
1813 3585 2023 3634 Gronov.

1511 3667 1623 3716 Non
1644 3669 1699 3714 ut
1713 3660 1950 3728 plerique]
1981 3659 2158 3722 Disce,
2172 3657 2445 3722 juventus,
2459 3610 2515 3709 et

1444 3744 1565 3793 vide
1605 3757 1784 3793 verum
1826 3739 1985 3790 finem
2028 3751 2185 3802 quem
2225 3733 2511 3813 Sapientiae

1443 3820 1629 3873 studiis
1653 3832 1929 3885 proponas.
1991 3815 2203 3878 Iapsias.

1514 3899 1668 3962 Ciuis,
1686 3897 1894 3960 senator]
1958 3895 2170 3956 Magnae
2198 3886 2406 3938 laudes:
2458 3889 2515 3934 et

1443 3991 1563 4040 quae
1577 3976 1702 4040 jure
1719 3988 1813 4024 nos
1829 3969 2060 4034 rapiant
2047 3982 2101 4016 ιιι
2117 3962 2513 4016 admirationem

1446 4051 1563 4101 viri.
1632 4049 1729 4100 Cui
1749 4046 1984 4098 Taciturn
2005 4044 2175 4106 ipsum
2198 4036 2514 4103 perfamilia-

1443 4141 1557 4176 rem
1578 4123 1759 4186 fuisse,
1777 4121 1902 4172 mibi
1917 4121 2100 4206 liquet.
2167 4116 2291 4167 Non
2312 4115 2518 4164 minora

1444 4203 1514 4252 de
1547 4215 1609 4251 eo
1628 4200 1800 4262 elogia
1819 4196 2034 4262 sparsim
2065 4192 2296 4258 reperias
2318 4192 2373 4240 in
2395 4189 2516 4238 Dis-

1441 4276 1816 4335 sertationibus
1860 4270 2092 4338 Epicteti
2148 4269 2288 4334 apud
2338 4267 2521 4318 Arria·

1409 4352 1600 4415 ⁷tium:
1647 4360 1706 4411 et
1736 4353 1942 4413 Ph’nius
1980 4349 2138 4401 etiam
2171 4348 2224 4396 in
2261 4342 2515 4411 Epistolis
