3009 4942
487 416 668 499 ,4196

485 589 680 638 nanus.
744 573 1010 627 Danesius
1040 573 1285 640 legebat:
1325 577 1455 634 Quin
1473 592 1561 641 pro

489 653 690 723 ‘Othone
720 654 883 716 etiam,
912 656 995 717 qv.
1035 651 1271 703 Ursinus.
1340 655 1563 720 Corrup-

483 735 608 793 ‚tum
630 735 735 793 est;
757 731 970 781 minima
984 732 1274 782 mutatione
1299 732 1563 795 restitues,

494 809 607 872 quin
639 809 901 872 proditione
920 808 1120 859 accitum
1146 808 1385 859 Caeciaam
1405 810 1564 859 clarui-

492 884 681 935 tabant.
745 886 880 935 Sane
923 885 978 934 in
1016 884 1326 949 proditionis
1365 886 1562 936 crimen

492 969 738 1014 vocatum
758 962 1071 1027 Spurinnam
1112 976 1144 1010 a
1183 961 1346 1012 milite
1364 962 1561 1014 diserte

494 1040 679 1091 scribit
712 1040 1047 1090 Plutarchus.
1081 1040 1341 1090 Mer-cerus.
1408 1041 1562 1092 Quod

481 1116 616 1173 ,olim
657 1117 725 1167 de
779 1115 1086 1181 proditionis
1124 1132 1251 1166 voce
1297 1118 1560 1168 divinave-

493 1207 623 1257 ram,
653 1207 756 1243 non
782 1195 936 1258 longe
960 1192 1110 1243 abest
1139 1208 1170 1242 a
1193 1194 1417 1245 Merceri
1438 1208 1559 1244 con-

481 1271 711 1334 jectura.
776 1270 831 1320 Is
876 1270 1012 1320 enim
1052 1271 1199 1334 legit,
1241 1271 1370 1326 Quin
1397 1273 1559 1334 prodi-

489 1349 618 1399 tione
633 1365 731 1399 acc.
752 1351 835 1412 ξε.
882 1349 1013 1413 Ego,
1034 1348 1150 1412 quin
1164 1348 1481 1412 proditionem
1511 1355 1560 1399 et

489 1429 713 1491 accitum,
734 1431 817 1492 ξε.
849 1427 987 1493 quod
1008 1443 1039 1476 a
1061 1426 1274 1490 vulgata
1297 1428 1558 1492 scriptura

492 1505 658 1555 minus
703 1504 935 1567 aberrat,
972 1509 1028 1553 et
1066 1518 1184 1553 cum
1218 1504 1360 1554 Flor.
1392 1506 1557 1570 magis

488 1581 745 1645 congruit,
788 1581 877 1646 qui
927 1581 1105 1645 habet,
1140 1587 1189 1655 ,Ρ
1232 1583 1462 1632 Othonem
1506 1587 1558 1632 et

488 1662 713 1723 accitum,
733 1663 818 1724 ξε.
851 1661 1102 1710 Pichena.
1158 1663 1277 1712 Non
1297 1660 1556 1710 emaculat

485 1738 658 1787 locum
711 1739 876 1786 solum
927 1738 1056 1786 illud
1110 1742 1361 1786 mutatum
1418 1737 1554 1802 qaia,

488 1814 628 1879 quod
671 1814 894 1878 margini
938 1820 1309 1878 apposuerunt.
1377 1815 1553 1878 Mejus

477 1893 634 1957 ,ulcus
656 1899 753 1957 est,
774 1892 914 1958 quod
953 1893 1146 1958 absque
1178 1891 1410 1942 sectione
1449 1907 1554 1943 non

486 1967 767 2018 curabitur.
835 1967 1143 2019 Resecanda
1164 1970 1304 2018 enim
1323 1968 1432 2031 illa,
1446 1984 1554 2032 pro·

484 2046 744 2096 videntium
783 2045 919 2096 ducis
959 2045 1278 2109 laudantibus,
1322 2047 1553 2110 turpiter

480 2123 743 2174 inculcata
760 2139 827 2174 ex
840 2123 1071 2174 inferiori
1088 2122 1189 2173 isto
1205 2124 1339 2174 loco.
1369 2121 1550 2173 Scribe

481 2199 662 2264 igitur,
706 2202 897 2266 Spretis
936 2200 1287 2251 centurionibus
1326 2200 1553 2251 tribunis-

481 2295 589 2343 que,
611 2281 691 2343 qai
718 2296 807 2345 pro
852 2280 1055 2342 Othone,
1088 2284 1136 2328 et
1171 2278 1375 2329 accitum
1399 2279 1550 2328 Coeci-

480 2371 609 2422 nam,
629 2359 710 2420 ὅτ.
776 2358 910 2410 Quae
949 2357 1195 2421 ejecimus
1231 2355 1411 2419 verba,
1429 2356 1547 2405 Mu-

478 2442 623 2485 retus
646 2436 803 2485 etiam
825 2434 1169 2497 subduxerat,
1188 2430 1449 2496 ejicienda
1480 2448 1557 2483 anx

478 2513 596 2576 ipse
633 2520 778 2562 ratus
812 2512 1005 2561 nescio.
1072 2510 1151 2560 Ea
1173 2509 1383 2573 quidem
1418 2516 1546 2559 nota

477 2589 555 2638 illi
580 2590 715 2639 solet
754 2603 886 2652 esse,
929 2585 1141 2638 delendi
1172 2587 1256 2635 vel
1288 2587 1542 2636 mutandi.

476 2666 584 2717 Sed
623 2667 762 2717 idem
806 2673 863 2717 et
884 2666 998 2730 qaia
1028 2670 1325 2715 mutaverat
1346 2665 1542 2730 :quod

471 2742 659 2807 ejectis
695 2743 793 2792 illis
823 2744 997 2794 locum
1030 2743 1325 2793 nonhabet.
1388 2743 1542 2792 Unde

476 2819 711 2870 tollenda
765 2819 1026 2871 censuisse
1076 2820 1163 2870 vix
1213 2819 1542 2871 crediderim.

474 2896 738 2947 Acidaliae.
773 2892 1000 2960 Egi-egio
1021 2896 1293 2949 mendacio
1315 2912 1543 2947 nonnun-

476 2986 629 3036 quam
671 2988 754 3022 res
797 2972 910 3022 fere
949 2974 1165 3036 perditae
1196 2974 1249 3022 in
1279 2975 1539 3038 integrum

475 3048 851 3098 restituuntur:
882 3049 1213 3113 quamobrem
1233 3051 1429 3101 Tullius
1450 3053 1542 3101 Al·

467 3122 719 3177 ‚banorum
738 3124 959 3188 perfidia
975 3126 1204 3189 cognita,
1222 3126 1364 3177 dicto
1382 3129 1397 3154 ‘
1413 3129 1539 3178 nihil

450 3201 822 3267 ‚trepidatione
849 3215 977 3264 opus
1009 3216 1145 3264 esse,
1168 3217 1259 3251 suo
1271 3203 1418 3266 jussu
1442 3203 1538 3253 cir-

466 3277 718 3329 cumdare
743 3277 998 3328 Albanum
1020 3279 1327 3341 exercitum,
1363 3284 1424 3328 ut
1454 3280 1538 3329 Fi-

465 3355 731 3407 denatium
755 3356 902 3406 nuda
934 3364 1083 3421 terga
1115 3355 1362 3407 invadat!
1422 3358 1534 3407 Liv.

466 3432 499 3484 l.
525 3447 565 3482 1.
589 3439 831 3482 metuma
849 3432 953 3482 suis
979 3432 1132 3482 vertit
1157 3433 1208 3482 in
1234 3432 1532 3483 Fidenates

469 3507 558 3559 Ad
593 3508 812 3558 eundem
843 3509 1051 3558 modum
1075 3509 1418 3560 Centuriones
1443 3510 1534 3559 tri-

465 3584 717 3650 bunique,
758 3586 951 3635 milites
990 3586 1226 3636 sedatum
1264 3595 1406 3651 eunt,
1441 3588 1533 3653 qui

460 3666 664 3715 temere
683 3662 734 3710 in
757 3663 987 3726 praelium
1010 3663 1261 3723 ruebant;
1284 3678 1409 3726 opus
1427 3678 1531 3714 non

466 3754 579 3799 ‚esse
603 3738 795 3806 (aiunt)
822 3754 1014 3804 pugna,
1037 3753 1136 3788 non
1159 3737 1528 3790 festinatione:

463 3818 602 3883 qnod
645 3819 851 3868 Caecina
882 3817 1081 3867 Vitellii
1112 3816 1371 3875 desertor,
1399 3819 1530 3881 jam-

462 3910 564 3961 que
588 3897 908 3947 Otbonianus
932 3896 1260 3947 adventaret.
1305 3897 1437 3945 Haec
1462 3912 1529 3946 ex

460 3974 717 4037 vulgatis:
752 3980 812 4024 ut
849 3973 1009 4023 verba
1028 3973 1247 4022 militum
1285 3973 1392 4023 sint
1414 3988 1528 4023 cer-

462 4056 567 4109 tam
586 4051 683 4103 sibi
703 4052 973 4101 victoriam
990 4052 1368 4115 spondentium,
1385 4051 1528 4117 quod

456 4125 679 4177 hostiurn
703 4128 809 4177 dux
830 4129 1064 4177 desertor
1084 4127 1239 4179 foret.
1293 4128 1527 4180 Piclnena

458 4203 574 4265 quin
590 4204 922 4268 proditionem,
951 4209 999 4253 et
1030 4205 1251 4267 accitum,
1284 4212 1340 4254 et
1360 4206 1525 4255 verba

455 4275 549 4326 illa
564 4281 910 4341 providentiam
930 4280 1062 4329 ducis
1080 4279 1376 4330 laudantibus
1394 4281 1521 4351 abji-

460 4349 712 4415 nitased
733 4355 799 4406 de
835 4370 898 4409 eo
936 4357 1194 4417 libenter
1204 4360 1522 4425 quaesierim,

1202 434 1421 485 NOTAE
1467 431 1874 491 vammum
1924 435 2005 485 IN

1635 595 1757 631 num
1780 581 1913 646 haec,
1944 581 2044 632 Sed
2062 579 2321 631 indomitas
2342 580 2501 644 miles,
2516 581 2704 645 swein

1636 659 1978 723 interpretari
2035 659 2261 723 valeant,
2314 664 2397 708 ut.
2440 659 2704 722 Spurinna

1636 735 1783 799 prius
1834 750 1933 800 per
1980 734 2310 787 centuriones
2364 740 2420 784 et
2464 733 2702 785 tribunos

1634 812 1826 862 milites
1890 814 2164 863 continere
2219 812 2452 874 studeat,
2516 811 2703 875 quibus

1633 889 1827 951 spretis
1843 903 1898 938 se
1915 889 2083 953 ipsum
2105 889 2169 938 iis
2190 894 2421 952 opponat
2443 888 2587 937 unde
2602 887 2702 937 sibi

1635 968 1744 1016 tela
1776 967 2122 1018 intententur.
2157 968 2443 1018 Salinerius.
2507 968 2701 1030 Vulgo,

1632 1043 1747 1106 quin
1773 1059 1862 1107 pro
1895 1044 2108 1094 Othone.-
2141 1044 2276 1093 unde
2313 1044 2598 1094 lectionem
2628 1045 2700 1091 in-

1632 1119 1843 1183 geniose
1904 1120 2131 1171 restituit
2179 1120 2428 1182 Pichena,
2470 1120 2703 1170 Merceri

1632 1196 1792 1253 etiam,
1809 1198 2115 1261 conjectura
2136 1211 2200 1247 eo
2224 1197 2490 1249 tendente.
2529 1197 2700 1247 Frein-

1629 1272 1848 1326 shemius.

1695 1351 1831 1402 CAP.
1859 1356 1936 1407 19.
1973 1353 2035 1402 Iu
2055 1359 2301 1418 conspectu
2330 1353 2496 1402 Padus
2522 1358 2573 1402 et
2604 1367 2698 1402 nox

1627 1428 1906 1493 apparebat]
1938 1430 2039 1480 Vix
2063 1445 2146 1480 me
2167 1431 2430 1492 contineo,
2463 1430 2590 1494 quin
2623 1430 2700 1478 nl·

1631 1504 1810 1556 timam
1844 1521 2021 1555 vocem
2056 1505 2274 1556 furcillis
2300 1505 2434 1557 hinc.
2455 1505 2700 1570 praecipi·

1629 1586 1736 1632 tem
1761 1596 1939 1645 agam:
1975 1596 2081 1633 non
2117 1597 2228 1631 esse
2268 1597 2299 1630 a
2333 1580 2546 1645 Tacito,
2565 1582 2700 1632 voci-

1627 1655 1826 1708 feratur
1848 1665 2125 1709 contextus
2145 1658 2414 1710 orationis.
2461 1660 2666 1709 Gruter.

1697 1737 1927 1786 Contudit
1957 1738 2159 1802 anisnos]
2189 1737 2256 1786 In
2271 1737 2533 1787 volumine
2550 1737 2697 1801 regio

1626 1818 1725 1873 est,
1747 1816 2014 1863 contundet.
2079 1815 2378 1864 Rhenanus.

1693 1891 1826 1940 Tam
1848 1891 2194 1941 vetustissimas
2214 1891 2431 1955 quisque]
2466 1856 2697 1957 Vulgata

1627 1974 1750 2018 ante
1780 1969 1958 2031 lectio,
1978 1974 2083 2018 tam
2119 1969 2446 2020 mantuanus
2476 1971 2694 2035 quisque:

1625 2058 1691 2094 ex
1728 2061 1828 2110 quo
1868 2047 2143 2097 Rhenanus
2181 2045 2312 2096 illud
2350 2048 2694 2098 vaadsssimus

1624 2124 1861 2175 extrudit
1880 2141 1895 2174 x
1943 2138 2043 2189 ego
2086 2124 2259 2173 malim
2278 2176 2283 2179 ,
2300 2124 2691 2175 mdestissimas.

1621 2201 1845 2264 Lipsiu8.

1668 2277 1788 2326 Tum
1807 2278 2128 2327 moestissimus
2147 2278 2361 2343 quisque]
2380 2278 2691 2343 Emendavi,

1621 2355 1961 2405 vetustissimus
1998 2357 2203 2419 quisque.
2292 2355 2557 2419 Intelligit
2599 2356 2689 2405 diu

1619 2431 1852 2482 meritos.
1901 2432 1989 2481 Sic
2033 2432 2066 2483 1.
2092 2446 2146 2484 V.
2179 2432 2312 2482 dixit
2351 2433 2699 2482 vetustissimos

1607 2507 1932 2567 familiarum.
2005 2512 2078 2561 Et
2131 2509 2268 2560 infra
2319 2510 2688 2560 vetustissimas

1617 2587 1945 2636 consularium.
1978 2587 2116 2637 Item
2132 2591 2412 2636 vetustatem
2429 2587 2708 2651 stipendio-⁰

1616 2678 1739 2713 rum.
1775 2665 2072 2715 Rhenanus.
2138 2665 2257 2714 Non
2280 2663 2551 2716 abnuerim
2566 2678 2686 2713 cum

1616 2739 1796 2804 Lipsio
1820 2742 1995 2805 potius
2022 2756 2088 2790 ex
2125 2741 2294 2792 veteri
2327 2741 2558 2791 lectione
2589 2755 2686 2789 mo-

1614 2818 1909 2868 destissimus
1944 2817 2249 2869 rescribere.
2318 2818 2569 2867 Ceterum
2607 2817 2685 2865 in-

1615 2895 1834 2945 serenda
1870 2896 2027 2945 etiam
2064 2896 2306 2945 videatur
2348 2894 2471 2943 talis
2509 2892 2683 2958 aliqua

1615 2972 1826 3022 vocula:
1850 2974 1964 3022 aliis
1984 2978 2158 3022 metum
2180 2988 2237 3023 ac
2258 2971 2512 3037 discrimen
2530 2975 2683 3020 osten-

1611 3051 1735 3098 dere.
1804 3052 2108 3115 Quanquam
2131 3065 2249 3100 cum
2271 3048 2549 3113 sequentia
2569 3048 2682 3097 dili-

1613 3128 1820 3192 gentius
1852 3143 1970 3178 cum
2004 3128 2081 3176 his
2103 3125 2331 3197 confero,
2358 3125 2565 3174 videtur
2587 3125 2683 3174 eti·

1613 3219 1694 3254 am
1716 3205 1839 3255 mihi
1859 3206 1944 3254 hic
1966 3202 2302 3268 transpositio
2321 3200 2494 3251 facta:
2532 3201 2678 3251 Ordo

1611 3286 1756 3331 certe
1777 3282 1861 3332 hic
1885 3282 2050 3346 magis
2075 3278 2339 3329 arriserit:
2381 3277 2506 3327 Tum
2523 3282 2678 3327 oetas·

1606 3359 1819 3409 tissimus
1849 3360 2042 3423 quisque
2073 3357 2311 3419 castigare
2346 3354 2677 3405 credulitatem

1605 3451 1768 3486 suam:
1785 3437 1982 3499 jamqne
2014 3435 2128 3485 totis
2158 3434 2328 3485 castris
2358 3433 2561 3483 modesti
2580 3447 2677 3482 ser·

1605 3526 1777 3577 mones,
1800 3511 2076 3563 inserentib.
2097 3526 2148 3562 se
2174 3516 2354 3560 centur.
2384 3508 2675 3574 tribunisque

1605 3591 1796 3643 laudare
1835 3589 2182 3653 providentiam
2221 3587 2372 3649 ducis,
2402 3589 2528 3650 qaod
2557 3589 2675 3636 colo-

1603 3667 1734 3716 niam
1765 3667 1942 3716 virium
1975 3673 2024 3716 et
2062 3681 2199 3730 opum
2221 3665 2427 3714 validam
2454 3663 2602 3714 robur
2619 3679 2673 3713 ac

1604 3745 1753 3794 sedem
1774 3743 1890 3793 bello
1906 3745 2116 3805 legisset,
2139 3747 2312 3791 metron
2333 3757 2392 3790 ac
2420 3736 2673 3791 ἀπα-ἰήιε.

1601 3823 1861 3884 ostendere,
1902 3822 1947 3870 si
1984 3837 2105 3881 cum,
2141 3823 2223 3884 ξε.
2275 3818 2669 3878 circumfudisset.

1601 3895 1617 3923 ‘
1644 3897 1886 3947 luserunt
1920 3912 1976 3947 se
2011 3894 2260 3954 laudare,’
2279 3896 2450 3945 Taciti
2470 3895 2667 3959 phrasis

1600 3971 1768 4024 infra:
1804 3975 1819 4002 ‘
1842 3968 2086 4038 pleraque
2122 3971 2404 4035 municipia
2441 3978 2500 4022 et
2536 3972 2669 4021 colo-

1602 4052 1701 4101 niae
1778 4050 2153 4105 aemulabantur
2220 4045 2664 4112 corruptissimum

1600 4143 1855 4194 quemque
1899 4128 2289 4176 adolescentum
2346 4125 2521 4189 pretio
2556 4124 2662 4173 alli-

1600 4205 1757 4256 eere.’
1787 4205 2050 4256 Acidalius.
2111 4204 2340 4266 Vulgata
2367 4206 2529 4251 antea
2556 4200 2660 4251 lec-

1598 4282 1708 4343 tio;
1740 4283 2089 4339 maestissimus:
2123 4295 2190 4329 ex
2226 4293 2330 4344 quo
2362 4278 2658 4336 Rhenanus,

1596 4357 2212 4427 vetustissimus,=extudit.
2276 4354 2484 4421 Lipsius
2514 4352 2660 4413 malit
