3009 4942
496 394 674 475 4326

494 572 601 625 cui
644 571 787 622 mirae
819 577 875 622 et
913 569 1202 622 blandienti
1245 570 1478 637 opinioni
1521 571 1564 620 si

499 649 845 715 indulgemus,
914 649 1094 715 quidni
1140 648 1411 712 Ulissiuga
1447 662 1564 698 nos·

501 733 588 777 tra
608 728 662 777 in
683 724 951 788 zelandia,
986 725 1054 775 ab
1077 714 1261 775 eodem
1281 724 1386 774 sit?
1418 724 1566 790 quid·

499 804 552 852 ni
572 804 788 854 circzea
805 816 837 851 a
858 802 1045 852 Circe?
1109 802 1216 851 Sed
1242 803 1361 851 vani
1393 809 1448 851 et
1470 803 1568 852 las·

501 881 622 946 civi,
663 895 866 943 vereor,
912 880 1055 930 lusus
1109 879 1198 930 isti
1236 878 1565 944 ingeniorum

498 964 659 1009 sunt:
695 958 882 1023 quibus
915 954 1090 1007 tamen
1129 957 1283 1007 hodie
1311 971 1565 1007 nonnemo

504 1032 810 1084 se'ostentat
826 1042 884 1085 et
903 1033 1155 1100 superbit.
1203 1034 1288 1086 Jo.
1310 1035 1565 1084 Brodaeus

500 1112 616 1162 haec
661 1113 728 1162 de
771 1112 971 1176 Ulyssis
1010 1127 1188 1163 errore
1220 1112 1272 1161 in
1306 1112 1568 1162 Miscella-

499 1190 615 1239 neis
659 1189 789 1238 scite
839 1191 1102 1255 coarguit-t
1160 1188 1436 1252 Brodaeus,
1482 1188 1566 1237 vir

500 1264 611 1316 sive
632 1265 935 1315 adolescens
960 1265 1153 1331 potius,
1193 1266 1327 1333 acris
1357 1267 1569 1331 ingenii,

500 1341 655 1406 probi
667 1342 875 1407 judicii,
897 1343 1135 1393 lectionis
1165 1341 1389 1406 diffusae,
1411 1359 1566 1410 quem

500 1432 607 1470 non
644 1420 808 1485 magis
839 1420 891 1470 in
925 1435 1015 1471 ore
1051 1421 1205 1472 famae
1244 1436 1356 1475 esse
1384 1424 1566 1486 miror,

502 1493 608 1546 imo
630 1496 884 1561 indignor.
922 1499 1059 1562 Lips.

576 1574 804 1639 Ulyxem]
868 1576 1140 1628 Habebam
1172 1576 1239 1626 de
1259 1577 1462 1641 Ulyssis
1485 1593 1566 1628 er·

504 1650 708 1702 roribus
752 1652 989 1717 quaedam
1025 1668 1130 1703 non
1158 1655 1409 1719 vulgaria,
1447 1671 1565 1722 qum

500 1722 604 1778 hnc
646 1729 1014 1794 adscribet-em,
1059 1732 1151 1781 sed
1190 1732 1445 1784 deterruit
1483 1749 1567 1784 me

502 1802 622 1852 brim
666 1804 847 1854 Bionis
888 1805 1024 1856 illius
1065 1808 1287 1874 antiqui,
1324 1816 1434 1860 tum
1454 1826 1569 1876 gra-

499 1878 697 1928 vissimi
732 1880 947 1932 Senecae
993 1882 1304 1949 objurgatio,
1344 1902 1458 1951 quae
1501 1888 1567 1937 ad

505 1953 784 2005 Lucillium
808 1957 1003 2022 scripta
1023 1959 1180 2023 epist.
1208 1965 1287 2012 18.
1319 1963 1335 1992 ‘
1362 1963 1570 2014 Quaeris

504 2030 722 2095 Ulysses
761 2033 851 2083 ubi
887 2037 1145 2088 erraverit
1187 2041 1380 2104 potius,
1413 2056 1570 2106 quam

506 2107 720 2175 efficias,
741 2101 809 2161 ne
832 2126 928 2162 nos
942 2116 1150 2179 s'emper
1166 2118 1413 2167 erremus.
1449 2118 1572 2168 Non

503 2191 655 2237 vacat
680 2187 880 2252 audire,
917 2197 1090 2240 utrum
1121 2193 1260 2244 inter
1282 2194 1490 2246 Italiam
1515 2204 1571 2247 et

502 2261 731 2315 Siciliam
748 2267 982 2329 jactatus
1003 2270 1092 2335 sit,
1130 2287 1198 2321 an
1218 2279 1370 2324 extra
1391 2270 1570 2325 notum

501 2342 650 2393 nobis
670 2343 884 2395 orbem:
918 2361 1089 2412 neque
1133 2350 1271 2400 enim
1307 2353 1478 2418 potuit
1516 2354 1570 2402 in

504 2422 614 2466 tam
646 2424 865 2484 angusto
910 2436 1059 2474 error
1090 2439 1207 2476 esse
1228 2434 1334 2478 tam
1354 2429 1568 2494 longus!

503 2492 757 2558 Polybius
788 2508 1074 2563 negaverat
1112 2502 1350 2568 Ulyssem
1372 2506 1569 2568 ingres·

504 2586 617 2621 sum
641 2573 954 2641 Oceanum,.
976 2568 1131 2643 quem
1164 2581 1358 2633 refutat
1379 2584 1573 2634 Strabo

502 2645 592 2696 lib.
616 2661 657 2697 1.
690 2649 885 2701 Mirum
923 2659 1120 2718 tamen,
1143 2656 1241 2706 nisi
1263 2658 1330 2708 de
1364 2658 1468 2709 illis
1489 2675 1570 2710 er-

501 2724 705 2775 roribus
728 2728 986 2794 condigna
1007 2733 1098 2782 illo
1113 2748 1270 2784 versu
1293 2751 1386 2786 suo
1405 2738 1570 2801 scrip·

505 2810 650 2855 serat
693 2806 956 2860 Homerus
971 2828 987 2861 z
1037 2812 1168 2862 Ἴσκε
1198 2812 1372 2878 ψεύδεα
1406 2816 1571 2867 πολλὰ

502 2879 662 2944 λέγων
680 2882 918 2945 ἐτύμοισιν
941 2887 1093 2948 «lubia.
1146 2891 1358 2941 Cutem.

569 2958 649 3008 Ab
689 2961 773 3010 illo
831 2966 1143 3015 constitutam
1192 2970 1571 3036 marinorumque

504 3033 808 3101 ἂκρινίπριον]
840 3040 907 3088 In
924 3043 1206 3106 exemplari
1227 3045 1316 3095 illo
1332 3061 1448 3097 cum
1469 3064 1571 3114 quo

503 3113 827 3164 contuleram
847 3131 1017 3166 meum
1041 3119 1293 3181 codicem,
1316 3122 1391 3174 sic
1413 3126 1574 3192 scrip·

450 3226 456 3232 .
505 3194 617 3240 turn
636 3197 771 3255 erat,
789 3194 1098 3259 acnnipmn.
1137 3198 1301 3263 Lego,
1315 3200 1574 3269 Ἀστνπύρ-

508 3283 634 3332 γιον,
653 3270 751 3321 hoc
769 3279 869 3336 est,
883 3274 1247 3340 Δημητρίους
1268 3286 1326 3330 ut
1347 3280 1573 3331 Ascibur-

500 3345 620 3408 gion
658 3347 780 3399 inde
815 3351 886 3401 sit
921 3352 1225 3419 deductum,
1249 3373 1351 3407 uua
1370 3364 1572 3411 tautum

504 3422 706 3487 'syllaba
725 3435 944 3492 mutata,
974 3445 1072 3481 ceu
1092 3435 1247 3498 vulgo
1267 3434 1441 3487 facere
1461 3453 1572 3488 mos

505 3507 589 3550 est
605 3500 656 3550 in
677 3516 779 3552 non
803 3505 1105 3558 intellectis.
1179 3511 1352 3561 Urbem
1369 3514 1572 3564 Graecis

506 3572 631 3624 ἄστυ
652 3574 928 3646 siguificat,
958 3591 1015 3634 et
1050 3584 1228 3649 πύργος
1258 3586 1433 3639 turrim
1464 3591 1572 3640 sive

502 3656 917 3715 Ρτυμςκααιιαωι.
990 3660 1187 3711 Notum
1205 3669 1287 3713 est
1300 3666 1574 3730 Astypaleae

504 3728 811 3779 vocabulum
853 3731 1072 3785 diversis
1103 3735 1279 3788 insulis
1303 3756 1366 3792 ac
1385 3743 1571 3794 civita·

503 3802 648 3855 tibus
678 3802 961 3860 tributum.
1048 3812 1321 3876 Pyrgoi-um
1364 3833 1570 3885 qnoque

502 3892 692 3930 nomen
713 3889 892 3932 notum
909 3899 977 3934 ex
994 3887 1274 3954 Strabone,
1289 3893 1573 3959 Stephano,

506 3953 790 4009 Antonino.
858 3961 1027 4012 Porro
1067 3978 1169 4014 nou
1208 3966 1408 4029 dubito,
1445 3971 1571 4034 quin

504 4031 729 4095 Bur-gam
747 4035 874 4086 illud
899 4038 1173 4090 Germanis
1197 4048 1302 4092 tam
1323 4042 1569 4109 frequens

505 4107 560 4157 in
582 4111 1018 4174 appellationibus
1051 4118 1359 4181 oppidorum
1396 4128 1454 4171 et
1490 4138 1570 4172 ar-

507 4184 660 4246 eium,
678 4188 805 4251 παρὰ
832 4188 892 4259 τὸ
907 4189 1090 4256 πύργος
1110 4194 1436 4261 desumptum
1458 4201 1530 4250 sit
1553 4218 1567 4250 τ

510 4260 715 4321 quaudo
748 4266 968 4328 maJores
990 4270 1151 4318 nostri
1172 4273 1333 4323 multa
1348 4275 1571 4326 vocabu·

506 4334 559 4383 la
583 4344 710 4389 sunt
729 4354 760 4391 a
780 4341 979 4395 Graecis
1020 4350 1263 4415 mutuati,
1285 4359 1346 4402 ut
1368 4361 1423 4403 et
1445 4346 1568 4406 nbu-

1196 406 1416 459 NO‘I'AE
1461 404 1870 460 vsmolum
1918 408 1999 458 ΙΝ

1639 571 1780 621 nulla
1799 585 1829 621 a
1852 570 2115 636 Romanis,
2149 586 2212 621 ac
2228 568 2294 622 ab
2317 566 2562 622 Hebraeis
2580 574 2702 636 pau·

1640 650 1759 699 cnla
1777 666 1790 699 z
1814 664 1933 699 nam
1951 664 2129 699 omnes
2146 646 2297 699 bodie
2314 649 2506 713 linguae
2521 650 2701 698 mixtae

1640 734 1777 776 sunt.
1843 727 1958 777 Nec
1983 742 2105 777 vero
2138 726 2204 777 de
2238 726 2441 776 Graecis
2473 716 2705 790 zocibus,

1639 819 1767 870 quas
1792 802 2045 868 usurpant
2079 805 2133 854 in
2161 804 2436 854 vernaculo
2471 802 2703 853 sermone

1640 881 1908 944 Germani,
1952 878 2220 947 quisquam
2274 880 2568 944 mirabitur,
2617 876 2705 947 qui

1639 957 1900 1022 proditum
1927 956 2027 1007 boc
2045 973 2077 1007 a
2097 957 2165 1007 D.
2188 956 2510 1022 Hieronymo
2531 956 2709 1006 memi-

1641 1034 1780 1083 nerit
1822 1033 1876 1082 in
1917 1032 2303 1084 'haditiouibus
2340 1032 2620 1083 Hebraicis
2652 1032 2706 1080 in

1641 1108 1887 1160 Genesin.
1951 1109 1967 1138 ‘
1992 1108 2285 1173 Legamus,'
2318 1108 2506 1173 inquit,
2540 1110 2557 1137 ‘
2579 1109 2709 1157 Var‘-

1641 1190 1784 1239 renis
1806 1189 1872 1239 de
1904 1188 2300 1255 antiquitatibus
2317 1188 2493 1249 libros,
2517 1195 2576 1239 et
2592 1187 2710 1240 Asi·

1640 1266 1712 1316 nii
1731 1258 2021 1332 Capitonis,
2045 1274 2098 1318 et
2129 1268 2373 1318 Graecum
2395 1258 2708 1332 phlegonta,

1641 1349 1968 1410 caeterosque
1984 1336 2355 1394 eruditissimos
2375 1344 2534 1408 viros,
2558 1350 2616 1392 et
2638 1343 2711 1392 vi·

1641 1418 1877 1469 debimus
1920 1434 2053 1483 pene
2100 1434 2275 1470 omnes
2315 1420 2530 1483 insulas,
2551 1414 2607 1469 et
2631 1426 2709 1469 to·

1640 1497 1742 1547 tius
1764 1496 1905 1546 orbis
1929 1497 2128 1561 littora,
2145 1505 2412 1561 terrasque
2437 1495 2569 1545 mari
2586 1492 2708 1545 vici-

1640 1587 1756 1639 nas,
1775 1573 1976 1624 Graecis
2008 1572 2199 1624 accolis
2231 1581 2519 1638 occupatas
2545 1589 2560 1635 ;
2601 1573 2707 1638 qui,

1642 1655 1703 1699 ut
1743 1653 1901 1714 supra
1923 1651 2161 1716 diximus,
2184 1651 2249 1701 ab
2272 1650 2557 1701 Amano'et
2576 1652 2710 1700 Tau-

1644 1743 1701 1778 ro
1741 1728 2017 1792 montibus,
2067 1728 2236 1779 omnia
2291 1731 2555 1779 maritima
2596 1731 2710 1779 loca

1643 1818 1803 1870 usque
1826 1804 1891 1854 ad
1911 1805 2180 1855 Oceanum
2197 1806 2480 1870 possedere
2500 1806 2711 1856 Britan·

1643 1881 1854 1932 uicum!
1887 1882 2160 1933 Rhenanus.
2206 1883 2487 1947 Adjicinnt
2506 1883 2711 1948 vulgati

1645 1958 1888 2008 Graecam
1934 1973 2112 2009 vocem
2139 1975 2152 2009 ε
2208 1960 2594 2025 nominatumque
2632 1961 2715 2009 aaz

1644 2034 1906 2101 ὶιιπύργων,
1927 2053 2079 2102 quam
2121 2052 2240 2087 cnm
2263 2038 2461 2102 Lipsio‚
2500 2044 2564 2088 ut
2586 2038 2714 2103 glos·

1643 2127 1804 2175 sema,
1849 2114 2155 2178 praetermisi
2196 2131 2210 2164 :
2263 2115 2537 2178 praecessit
2575 2116 2713 2165 enim

1644 2205 1831 2240 nomen
1876 2190 2234 2253 Asciburgium.
2305 2191 2557 2242 Pichena.
2621 2192 2713 2241 Sess

1644 2271 1890 2334 'quentem
1934 2280 2113 2318 vocem
2167 2268 2534 2318 Graecanicam
2569 2268 2712 2318 recte

1645 2345 1817 2395 omitti
1840 2360 1955 2395 cum
1990 2345 2102 2394 aliis
2119 2359 2324 2398 censeo.
2392 2344 2511 2395 Nec
2535 2344 2716 2395 deb‘uit

1643 2423 1919 2472 Rhenanus
1926 2422 2084 2472 etiam
2096 2429 2298 2472 mutare
2311 2422 2361 2471 in
2373 2414 2714 2486 ἆστνπύργιονὲ

1645 2498 1785 2564 qnod
1825 2515 1947 2550 sane
1981 2515 2079 2549 uec
2112 2501 2398 2563 cogitatum
2434 2516 2535 2551 nec
2557 2502 2715 2566 scripss

1647 2583 1759 2627 tum'
1780 2576 1982 2627 Tacito.
2015 2578 2311 2628 Marcianus
2331 2578 2712 2630 Heracleotes:

1644 2653 1780 2703 Ἐστὶ
1798 2652 1851 2704 δὲ
1874 2656 1962 2713 τῆς
1981 2655 2239 2720 Γερμανίας·
2260 2654 2320 2704 τὸ
2340 2659 2490 2717 μῆκος
2511 2655 2715 2723 ἀρχόμε-

1646 2749 1728 2780 νον
1745 2730 1833 2792 μὲν
1848 2732 1941 2782 ἀπὸ
1957 2731 2133 2784 δύσεως
2153 2731 2234 2782 καὶ
2251 2734 2613 2801 Ἀσκιβουργίου
2632 2733 2714 2784 πό-

1643 2802 1780 2861 λεως.
1829 2813 2039 2862 (ἴοιεν-ιω.

1713 2889 2111 2953 Monumentuque
2149 2894 2196 2938 et
2228 2890 2432 2940 tumulos
2469 2889 2714 2958 quosdam]

1644 2965 1831 3033 virgil.
1854 2966 1907 3014 in
1932 2964 2139 3016 Culice:
2171 2967 2523 3033 ‘congestum
2545 2983 2718 3018 cumu-

1647 3043 1779 3092 lavit
1800 3057 1969 3107 opus,·
1988 3051 2145 3108 atque
2184 3060 2374 3110 aggere
2418 3048 2586 3097 multo
2606 3048 2717 3097 Tel·

1647 3120 1772 3170 luris
1796 3118 2020 3171 tumulus
2041 3120 2319 3173 formatum
2356 3124 2533 3174 crevit
2554 3124 2608 3173 in
2637 3139 2716 3174 or·

1646 3198 1796 3249 bem:
1837 3200 2007 3251 Quem
2043 3199 2240 3249 circum
2263 3200 2497 3264 lapidum
2523 3202 2630 3251 levi
2650 3201 2715 3251 de

1648 3290 1905 3326 marmore
1948 3274 2178 3326 formans
2210 3277 2471 3341 Conserit,
2494 3277 2714 3329 assiduat

1648 3368 1787 3404 curae
1834 3353 2067 3403 memor?
2146 3355 2347 3405 Seneca
2393 3357 2580 3405 Gontr.
2620 3355 2714 3405 lib.

1649 3444 1747 3481 vu.
1770 3436 1822 3480 6.
1847 3431 1900 3479 in
1922 3430 2057 3481 fine:
2092 3431 2110 3459 ‘
2126 3432 2277 3480 Inter
2310 3432 2589 3494 sepulchra
2610 3446 2716 3482 mo·

1647 3515 1895 3556 numenta
1929 3514 2050 3557 sunt
2078 3506 2111 3573 ς’
2146 3514 2202 3558 et
2225 3523 2308 3571 ep.
2332 3513 2417 3558 92.
2450 3509 2466 3538 ‘
2491 3524 2596 3559 non
2619 3514 2715 3574 est,

1649 3583 1787 3647 qnod
1809 3599 1900 3634 nos
1924 3574 2134 3634 tumulis
2160 3586 2415 3646 metiariS,
2434 3593 2492 3636 et
2509 3586 2590 3637 his
2613 3601 2714 3637 mo·

1645 3661 1924 3723 numentis,
1940 3674 2058 3725 quae
2079 3661 2218 3710 viam
2235 3660 2470 3726 disparia
2490 3670 2718 3727 pretex-

1647 3736 1778 3786 unt.'
1831 3736 2059 3787 Pictam.

1614 3871 1623 3879 ⁵
1713 3813 1878 3877 Neque
1895 3814 2174 3879 confirmare
2187 3814 2509 3881 argumentis]
2544 3817 2715 3883 Scrip-

1646 3896 1729 3940 tus
1759 3892 1881 3941 olim
1924 3892 2025 3942 Bil.
2062 3892 2408 3943 Pircheimeri
2446 3896 2717 3962 adfirmare,

1644 3966 1702 4019 ut
1725 3970 2013 4019 monuimus
2045 3970 2111 4019 ad
2158 3970 2275 4021 Liv.
2297 3982 2399 4020 xx.
2426 3975 2508 4021 13.
2564 3973 2715 4023 Gron-

1646 4057 1653 4063 ·
1711 4047 1876 4110 Neque
1915 4045 2152 4110 refellere]
2201 4047 2298 4095 Est
2326 4050 2465 4096 enim
2491 4050 2715 4115 antiquis

1644 4120 1744 4170 illis
1789 4122 2070 4173 Historicis
2113 4131 2173 4172 ut
2211 4137 2315 4172 non
2350 4129 2555 4175 temere
2587 4125 2717 4177 fides

1642 4197 1898 4263 habenda,
1931 4201 2007 4250 ita
2050 4215 2149 4251 nec
2206 4201 2466 4252 demenda
2521 4205 2716 4255 statim.

1643 4274 1946 4327 Prudenter
1988 4277 2180 4328 Strabo
2224 4278 2314 4328 lib.
2359 4290 2484 4329 vm.
2542 4274 2635 4330 Δέἳ
2664 4280 2716 4331 δὲ

1645 4353 1750 4401 ’τῢν
1769 4354 1984 4404 πάλαιὸν
2014 4355 2230 4420 ἱστοριῶν
2247 4354 2438 4409 &obstr
2471 4358 2638 4424 οὕτω,
2658 4358 2717 4409 ἂς
