3009 4942
11 3070 20 3103 -
11 2992 20 3027 m
12 2902 20 2946 ss„
12 2836 18 2867 --
12 2760 19 2789 ..-
12 2676 15 2707 ff*
12 2620 14 2627 v

11 4398 20 4433 τι
11 4318 19 4354 v-
11 4236 20 4275 “
11 4152 20 4197 *2
11 4084 20 4120 “
11 4008 20 4055 ⁷-
12 3925 21 3961 ι.
12 3852 21 3885 -1
12 3773 21 3805 -σ
12 3694 21 3730 1·-
11 3620 21 3652 -
12 3540 20 3573 -u-
12 3446 20 3492 “⁴
11 3372 20 3417 -v
12 3304 19 3336 w·-
12 3226 20 3259 ν-
12 3150 20 3181 a.

1108 412 1405 487 'Aesim
1474 414 1642 488 cn.
1684 412 1792 488 15.
1869 414 1874 421 ’
2390 404 2573 492 1395

265 587 270 590 ’
346 548 688 649 Ῡτωροείὼε
723 580 958 643 alterniS,
982 586 1035 631 et
1072 580 1428 632 vicissitudine

361 658 585 724 quadani
609 658 837 707 saevisse.
906 656 980 707 At
1018 673 1113 722 ego
1135 658 1330 707 alternis
1352 659 1427 706 is-

363 733 459 784 tud
505 734 730 798 explico,
766 734 918 784 modo
964 749 1060 799 per
1094 733 1428 796 discordiam,

361 809 517 877 modo
571 826 666 874 per
721 811 1071 861 concordiam.
1158 812 1336 860 Manus
1372 825 1430 860 ac

357 887 656 937 centuriones
699 887 894 936 miscere
938 902 1033 952 per
1076 887 1423 938 discordiam:

360 977 460 1026 per
502 964 830 1014 concordiam
873 965 970 1014 vim
1011 970 1060 1014 et
1111 964 1427 1015 contumelias.

361 1038 496 1090 Nam
523 1041 590 1090 ad
613 1041 684 1103 id,
709 1041 845 1106 quod
868 1041 1103 1105 proxime
1125 1041 1278 1103 dixit,
1310 1055 1429 1090 auc-

361 1122 446 1167 tor
483 1118 730 1181 respicit:
783 1125 838 1168 et
869 1118 1124 1180 declarat,
1169 1116 1428 1184 quomodo

358 1194 610 1259 subjectis
650 1212 799 1261 aeque
838 1196 1115 1259 discordia,
1139 1211 1286 1261 aeque
1311 1211 1431 1245 con—

357 1271 538 1320 cordia
574 1273 643 1322 sit
664 1273 900 1323 exitiosa.
969 1273 1105 1323 Haec
1144 1289 1289 1325 mens
1315 1290 1429 1324 ver·

359 1337 542 1400 borum
579 1349 768 1398 clarius
809 1349 1151 1413 elucesceret,
1189 1351 1231 1400 si
1265 1351 1427 1414 scrip-

359 1431 470 1474 tum
495 1425 571 1474 ita
613 1432 785 1475 esset:
835 1427 1035 1475 alteram
1071 1443 1253 1489 manus,
1272 1433 1430 1477 centu·

356 1501 546 1560 riones;
577 1503 777 1553 alteram
794 1503 908 1565 vim,
927 1505 1007 1566 ἔμ’.
1044 1512 1101 1554 ut
1140 1505 1282 1568 prius
1311 1507 1428 1555 alte·

356 1594 461 1628 ram
478 1580 809 1642 discordiam,
826 1582 1084 1645 posterius
1099 1583 1427 1632 concordiam

355 1657 649 1722 intelligas:
708 1674 809 1723 quo
856 1659 1061 1724 quidem
1107 1660 1258 1711 modo
1306 1661 1427 1710 vide

355 1733 516 1784 etiam
550 1750 614 1785 ne
653 1735 928 1801 legendum
964 1738 1169 1788 omnino
1194 1739 1278 1788 sit.
1313 1737 1428 1788 Aci-

353 1811 527 1860 dalius.
595 1812 837 1861 Claudius
882 1812 1139 1864 Boucault
1174 1814 1311 1865 hunc
1355 1817 1426 1863 lo-

355 1884 474 1937 ‘cum
512 1889 713 1940 sanavit
747 1890 1001 1955 legendo:
1035 1895 1234 1944 alterius
1262 1911 1427 1945 manus

352 1965 670 2015 centuriones:
723 1983 879 2017 servos
928 1970 1042 2033 vim,
1083 1973 1165 2034 ξε.
1249 1972 1427 2021 Manus

355 2041 614 2105 accipitur
665 2045 893 2108 notione,
937 2062 1038 2110 qua
1083 2047 1242 2097 alibi:
1299 2048 1425 2097 ‘An

352 2118 524 2167 nescis
568 2120 749 2184 longas
796 2122 1002 2185 regibus
1041 2138 1157 2173 esse
1195 2139 1374 2174 manus
1389 2124 1425 2174 ?'

354 2188 537 2260 Oculi,
557 2211 725 2260 aureS,
758 2198 947 2248 Graece
971 2199 1258 2266 Latineque
1283 2215 1423 2265 soepe

351 2270 505 2321 simili
545 2272 937 2337 significatione.
1021 2277 1187 2326 Porro
1228 2279 1423 2327 Procu-

349 2355 500 2397 rator
521 2351 713 2399 nu'llum
737 2351 885 2401 initio
922 2353 1144 2403 babebat
1179 2353 1425 2420 officium,

351 2424 493 2489 quod
510 2433 800 2490 appareret.
853 2427 956 2478 Sed
979 2430 1204 2494 legatuS,
1227 2439 1318 2481 aut
1335 2431 1426 2495 qui

353 2502 676 2565 provinciam
701 2505 936 2569 regebat,
973 2507 1184 2569 milites,
1209 2507 1296 2571 qui
1316 2508 1427 2572 ejus

345 2578 493 2642 jussa
517 2582 929 2646 exequebantur.
976 2583 1314 2634 Procuratori
1337 2601 1423 2635 ve-

352 2650 413 2706 ro
434 2665 584 2707 erant
605 2660 738 2708 servi
774 2660 991 2724 proprii.
1057 2662 1275 2712 Plorant
1299 2678 1423 2726 ergo

351 2732 595 2782 Britanni
621 2737 966 2800 centuriones,
999 2753 1128 2802 quos
1154 2740 1424 2804 appellant

351 2808 544 2873 Legati
556 2827 750 2870 manus5
779 2819 834 2862 et
852 2828 1047 2876 servos,
1062 2814 1422 2865 Procurator-is

349 2899 532 2936 manus
565 2887 934 2953 (repetendum
957 2892 1092 2941 enim
1111 2890 1207 2941 ἀπὸ
1226 2892 1426 2958 κοινοῦ),

350 2962 456 3012 vim
493 2970 549 3013 et
586 2967 922 3016 contumelias
965 2954 1201 3020 miscere.
1268 2966 1423 3022 Quod

349 3038 427 3087 ita
462 3037 592 3089 fuit:
641 3042 728 3090 hic
766 3043 878 3107 ipse
924 3042 1263 3094 Ann.x1V.‘
1290 3046 1423 3096 adeo

351 3124 411 3166 ut
436 3131 668 3182 regnum,
692 3133 786 3182 per
824 3121 1193 3184 centuriones3
1242 3124 1421 3174 domus

351 3208 449 3256 per
470 3208 665 3257 servos,
688 3197 832 3245 velut
862 3204 1020 3260 capta
1057 3199 1421 3249 vastarentur!

349 3269 569 3320 Scilicet
605 3271 834 3335 impositi
876 3273 1049 3322 Icenis
1076 3272 1303 3324 .fuerant
1345 3268 1441 3329 illi,

351 3346 455 3396 duo
493 3348 822 3397 centuriones
848 3363 1034 3413 nempe
1063 3357 1117 3399 et
1154 3351 1290 3400 servi
1315 3357 1423 3400 tan·

280 3484 284 3488 ¹
351 3436 506 3487 quam
521 3423 703 3486 reguli.
738 3423 1017 3490 Subjunxit
1036 3425 1172 3475 enim
1194 3443 1206 3475 ι
1235 3430 1248 3454 ‘
1268 3442 1424 3492 quan-

350 3499 419 3548 do
451 3497 504 3548 in
541 3499 819 3563 provinciae
864 3501 1081 3552 formam
1116 3503 1422 3554 cesserant.’

350 3576 621 3627 Barclaius.
731 3576 905 3628 Probo
972 3579 1418 3633 emendationem:

348 3657 552 3706 alterum
575 3656 670 3704 vim
689 3660 735 3705 et
756 3658 1057 3706 contumelias
1076 3659 1286 3720 miscere,
1305 3672 1425 3721 pro-

349 3737 645 3782 curatorem
670 3732 888 3781 scilicet.
956 3734 1086 3784 Qua·
1119 3735 1425 3796 praeeedunt

351 3823 457 3860 non
497 3817 725 3875 mutem:
774 3826 890 3859 nam
913 3812 1075 3873 legati
1103 3826 1284 3861 manus
1308 3825 1425 3862 cen·

352 3884 606 3948 turinnes,
624 3901 842 3950 quorum
862 3886 1151 3936 ministerio
1170 3889 1423 3938 saevitiam

349 3972 585 4014 exercet.
609 3965 746 4014 Hinc
773 3966 918 4015 Hist.
939 3980 1013 4014 iv.
1034 3961 1192 4031 leg'ati
1217 3982 1425 4030 gravem

346 4043 656 4093 comitatum
696 4043 851 4093 dixit.
909 4045 1123 4093 Grotius.
1203 4045 1259 4093 Si
1302 4045 1424 4093 mihi

349 4118 636 4184 paullulum
661 4120 842 4168 auxilii
864 4136 893 4168 a
928 4121 1093 4182 libris,
1115 4118 1338 4170 libenter
1356 4122 1425 4170 le·

349 4208 560 4261 gerem:
594 4197 793 4245 alterius
823 4212 987 4245 manus
1017 4199 1183 4259 coedes,
1204 4198 1422 4261 rapinas.-

348 4272 437 4324 vel
457 4274 622 4337 coedes,
639 4265 945 4338 direptiones.
993 4273 1228 4337 Alterius,
1251 4273 1305 4323 id
1326 4281 1425 4341 est,

347 4352 511 4417 legati
532 4366 711 4405 manus
746 4352 1009 4418 militares,
1036 4354 1145 4404 sive
1164 4348 1424 4404 'centurio-

1506 595 1601 630 nes
1619 587 1675 630 et
1694 580 1896 631 milites.
1954 580 2087 631 Vide
2108 581 2277 632 locum
2296 581 2432 632 Ann.
2455 596 2572 639 xiv-

1504 661 1587 708 31.
1651 673 1679 705 e
1730 672 1832 722 quo
1897 656 2105 721 quidem
2180 658 2387 708 videtur
2440 660 2571 710 illud

1503 736 1794 784 centuriones
1832 735 1880 782 in
1926 741 2223 783 contextum
2272 736 2354 783 hic
2408 737 2572 802 irrep·

1503 814 1653 872 sisse,
1672 828 1828 877 quum
1865 812 1988 860 illud
2012 827 2174 861 manus
2198 813 2406 876 quidam
2429 815 2572 864 velut

1503 890 1853 953 interpretans
1890 889 1954 936 ad
2000 889 2280 951 marginem
2339 889 2573 956 adscrip-

1502 967 1672 1028 sisset,
1715 967 2019 1016 centuriones.
2108 966 2341 1027 Alterius,
2395 968 2448 1015 id
2488 970 2570 1016 est

1503 1043 1855 1106 procuratoris
1882 1040 2100 1089 Caesaris
2122 1055 2315 1090 servos.
2372 1040 2574 1092 Virdun·

1497 1136 1611 1184 gus.
1679 1117 2002 1183 Legendum,
2026 1124 2084 1167 ut
2124 1119 2407 1168 monuimus
2447 1120 2568 1170 olim

1503 1202 1560 1246 et
1584 1196 1637 1244 in
1660 1195 2029 1245 commentario
2053 1211 2144 1244 suo
2163 1197 2413 1253 „laudavit
2433 1197 2573 1246 Box-

1501 1273 1713 1323 hornius
1778 1273 1924 1336 hujus
1984 1270 2288 1322 Academiae
2350 1274 2571 1325 celebris

1503 1349 1711 1398 doctor:
1747 1349 1944 1397 alterius
1962 1363 2142 1409 mannus,
2164 1348 2279 1411 aa·
2316 1350 2552 1402 Gronov.

1571 1426 1812 1482 Quantum
1833 1425 1957 1474 enim
1977 1425 2226 1488 transisse]
2261 1425 2571 1477 *Britanno-

1503 1519 1614 1552 rum
1632 1502 1877 1553 futuram.
1925 1502 2125 1551 Similia
2147 1502 2284 1566 apud
2309 1503 2570 1552 Caesarem

1502 1577 1942 1643 Vercingeutorix
1979 1578 2069 1627 lib.
2108 1591 2206 1626 vu.
2245 1581 2326 1627 29.
2370 1578 2570 1627 Vir-dun-

1496 1671 1605 1719 gus.
1658 1657 1858 1719 Legere
1881 1654 2085 1704 malim:
2123 1655 2430 1709 Quantulum.
2482 1654 2569 1704 Sic

1502 1735 1569 1784 de
1606 1748 1734 1785 mor.
1780 1733 1962 1783 Germ.
2027 1733 2042 1758 ‘
2070 1732 2386 1783 Quantulum
2432 1731 2569 1780 enim

1501 1810 1665 1859 amnis
1685 1808 1963 1858 obstabat!
1997 1807 2319 1856 Boxhornius.

1568 1887 1689 1935 Plus
1730 1889 1951 1949 impetus,
1994 1900 2143 1946 mayor
2144 1901 2215 1933 em
2259 1884 2573 1934 constantiam

1494 1978 1636 2027 penes
1655 1965 1847 2012 miseros
1867 1961 1986 2025 esse]
2040 1963 2180 2010 Vera
2203 1968 2260 2010 et
2284 1964 2433 2024 plana
2459 1976 2575 2010 sen·

1500 2040 1683 2089 tentia.
1749 2038 1941 2088 Nescio
1978 2037 2313 2102 tamen,·quid
2336 2038 2417 2086 hic
2438 2036 2573 2086 desi-

1498 2117 1642 2180 dero,
1674 2131 1789 2165 cum
1813 2115 2163 2179 praecedentia
2187 2116 2283 2164 ista
2303 2115 2529 2178 respicio
2552 2130 2567 2162 ε

1497 2192 1513 2218 ⁸
1532 2208 1663 2243 neve
1682 2192 1853 2257 proelii
1872 2193 2018 2241 nnius
2042 2198 2132 2240 aut
2146 2190 2359 2240 alterius
2379 2184 2572 2241 eventii

1497 2269 1879 2335 pavescerent!
1963 2267 2192 2317 Videtur
2246 2268 2383 2317 enim
2426 2268 2571 2331 prius

1497 2348 1625 2397 illud
1649 2347 1937 2397 membrum
1956 2347 2065 2410 plus
2100 2345 2321 2409 impetus,
2349 2345 2494 2394 velut
2517 2342 2571 2394 iti

1498 2425 1887 2488 comparatione
1912 2425 1988 2472 sni
2012 2434 2067 2471 et
2100 2424 2469 2486 Romanorum,
2505 2421 2572 2471 de

1500 2503 1744 2554 Romanis
1768 2502 1988 2552 voluisse
2023 2500 2198 2551 dicere
2220 2517 2232 2549 ε
2286 2501 2395 2551 Illis
2421 2506 2477 2549 ut
2497 2500 2573 2549 in-

1502 2581 1663 2645 tegris
1686 2585 1739 2628 et
1774 2577 2012 2628 felicibus
2036 2579 2152 2643 plus
2176 2577 2383 2643 quidem
2407 2574 2572 2640 impe-

1503 2665 1603 2721 tus,
1643 2663 1889 2706 caeterum
1929 2656 2043 2718 sibi,
2068 2662 2145 2716 ⁴ut
2197 2655 2414 2717 miseris,
2456 2654 2573 2718 plus

1500 2735 1826 2785 constantias.
1893 2734 2079 2798 Itaque
2102 2749 2199 2782 vox
2219 2734 2391 2797 aliqua
2414 2724 2573 2796 periit

1501 2811 1753 2862 fortasse:
1792 2827 1907 2874 quae
1926 2811 2081 2859 inseri
2104 2810 2257 2860 facile
2276 2822 2341 2859 ex
2363 2816 2574 2858 senten-

1503 2892 1573 2941 tia
1598 2889 1791 2953 possit:
1853 2889 1962 2951 plus
1996 2889 2197 2951 impetus
2230 2885 2451 2949 integris,
2471 2900 2572 2954 ma-

1488 2967 1648 3028 jarem
1688 2959 1999 3014 constantiam
2032 2979 2176 3028 penes
2218 2963 2413 3012 miseros
2455 2975 2571 3011 esse.

1501 3044 1608 3094 Sed
1648 3044 1732 3093 alii
1772 3042 2072 3106 diligentins
2105 3040 2203 3091 hoc
2222 3039 2573 3103 considerent,

1501 3124 1559 3172 e't
1580 3120 1780 3171 acutius
1820 3118 2127 3181 dijudicent.
2185 3116 2306 3176 Ego
2329 3115 2430 3163 etsi
2462 3113 2573 3163 vul-

1500 3205 1674 3264 gatam
1718 3198 1842 3247 satis
1898 3197 2080 3258 tolero,
2123 3184 2351 3244 indicare
2397 3199 2573 3244 tamen

1499 3277 1634 3325 hanc
1659 3273 2002 3337 suspicionem
2025 3285 2189 3319 meam
2209 3268 2366 3318 volui.
2395 3268 2574 3318 Acida-

1500 3352 1611 3401 tius.
1676 3349 1953 3399 Mucianus
1986 3346 2183 3395 Histor.
2206 3343 2300 3392 lib.
2335 3356 2398 3392 11.
2434 3344 2574 3392 hunc

1499 3427 1665 3478 veluti
1701 3428 1870 3475 locum
1912 3425 2297 3485 interpretans:
2351 3420 2574 3470 Acriore

1501 3503 1655 3555 hodie
1688 3501 1960 3566 disciplina
1996 3500 2123 3550 victi
2154 3514 2306 3563 quam
2346 3491 2575 3548 victores

1503 3570 1666 3643 agunt
1688 3595 1701 3630 :
1750 3578 1840 3628 hos
1864 3579 1959 3640 ira,
1982 3576 2175 3639 odium,
2197 3576 2408 3626 ultionis
2430 3576 2575 3641 cupi-

1503 3660 1641 3709 ditas
1663 3658 1728 3721 a,d
1752 3658 2000 3707 virtutem
2034 3655 2311 3705 accendit:
2368 3654 2445 3704 illi
2479 3666 2575 3719 per

1501 3734 1767 3785 fastidium
1791 3740 1846 3783 et
1869 3732 2249 3784 contumaciam
2270 3731 2575 3781 hebescunt.

1511 3815 1801 3877 Virdungus.

1572 3892 1671 3948 Qui
1690 3889 1977 3952 relegatum]
2032 3886 2252 3949 Placet3
2296 3901 2393 3935 nec
2439 3885 2575 3935 male

1503 3972 1695 4026 tamen,
1714 3966 1989 4026 religatum.
2023 3964 2246 4028 Lipsius.
2296 3962 2441 4012 Nihil
2464 3977 2576 4011 mu.

1503 4042 1716 4092 tandum
1740 4040 2066 4089 arbitramur.
2102 4039 2423 4089 Boxhornius.

1568 4116 1890 4167 Periculosius
1937 4131 2035 4165 esse
2078 4114 2375 4180 deprehendi,
2437 4108 2576 4178 quani

1501 4193 1697 4256 audere]
1746 4195 1944 4242 Seneca
1975 4194 2028 4242 in
2056 4208 2268 4257 prooem.
2291 4198 2459 4241 contr.
2481 4191 2575 4243 lib.

1503 4287 1590 4323 ιιι.
1637 4272 1934 4336 ‘nunquam
1979 4284 2079 4319 non
2123 4270 2302 4318 utilius
2346 4274 2460 4318 erat
2498 4267 2575 4318 illi

1502 4347 1843 4415 deprehendi,
1866 4361 2018 4414 quam
2042 4345 2361 4413 praeparari!
2399 4343 2540 4401 Pide.
