3009 4942
773 432 920 480 mn.
969 431 1136 483 x1v.
1185 430 1353 481 oAP.
1399 414 1512 479 51.
1559 428 1999 481 summunt.

283 584 346 627 ex
363 574 592 624 florent.
614 589 675 625 ac
708 576 841 627 Ven.
860 577 1096 642 quamvis
1119 590 1221 625 non
1245 590 1333 624 ne·

281 653 565 703 cessariam.
601 654 826 702 Pickena.

343 729 463 776 Ciam
482 732 546 778 ad
566 730 808 778 uisendum
828 746 933 780 eum
952 730 1169 794 princeps
1190 730 1340 779 renis-

280 802 370 865 set]
422 804 779 855 -Accusativus
803 822 907 856 eum
931 822 1034 855 non
1058 806 1207 855 estin
1239 807 1337 854 Bu-

279 879 423 928 densi
468 883 741 932 volumine.
796 885 1066 933 Rhenanus.
1149 885 1217 932 Et
1253 884 1337 932 bic

278 957 428 1021 iidem
450 958 570 1007 libri
592 962 883 1010 auctiores:
921 976 1039 1010 nam
1074 977 1193 1025 vox,
1216 977 1338 1025 eum,

278 1048 308 1082 a
329 1037 544 1099 vulgatis
567 1038 735 1088 abest.
772 1040 999 1089 Pichena.

335 1115 588 1177 Aspoetum
625 1116 724 1177 ejus
742 1124 1031 1178 >nemeaeum
1056 1116 1339 1167 sciscitanti-

276 1205 358 1254 qus
399 1192 622 1241 hactenus
659 1194 963 1257 respondisse,
1003 1196 1109 1255 Ego
1135 1210 1207 1243 me
1230 1192 1341 1242 bene

273 1266 431 1331 habeo]
498 1269 634 1319 Haec
657 1286 779 1320 sane
802 1279 923 1320 sunt
944 1273 1141 1334 inepta.
1202 1271 1341 1324 Quid

275 1346 403 1394 enim
429 1346 481 1395 in
504 1348 600 1396 hoc
622 1362 871 1412 responso
909 1349 1118 1410 Burrbi,
1157 1349 1209 1398 id
1241 1355 1339 1412 est,

275 1422 587 1483 spiritus-est
626 1425 892 1486 generosi?
961 1425 1233 1477 Quomodo
1273 1441 1337 1475 eo

276 1497 416 1549 Nero
440 1501 850 1563 perstringitur?
875 1500 1011 1564 quod
1036 1507 1209 1550 tamen
1233 1517 1339 1551 non

275 1574 489 1625 obscure
515 1577 713 1627 indicat
735 1578 967 1628 Tacitus,
1002 1579 1073 1627 Et
1097 1578 1219 1642 quid
1241 1578 1338 1628 sibi

246 1704 250 1714 ,
274 1653 381 1700 vult
401 1653 547 1715 illud,
570 1654 794 1704 hactenus
823 1653 1151 1718 respondisse?
1214 1656 1337 1706 Non

273 1736 349 1779 est
370 1730 469 1793 nisi
494 1732 657 1780 erecti
684 1732 899 1796 ingenii,
919 1733 1039 1797 qnid
1066 1738 1240 1781 tantus
1261 1734 1339 1782 vir

272 1804 481 1869 dixerit,
526 1807 716 1872 quidve
758 1809 1000 1869 voluerit,
1042 1809 1337 1859 observare.

271 1881 454 1949 Itaque
481 1885 545 1934 ad
586 1887 1040 1950 incomparabilem
1065 1886 1337 1936 Heinsium

270 1974 438 2011 rursus
463 1962 613 2011 nobis
636 1964 859 2012 eundum
885 1970 982 2012 est.
1021 1964 1209 2013 Scribit
1232 1965 1337 2027 ille,

271 2051 328 2085 ac
347 2037 628 2102 distinguit
648 2056 661 2088 ε
683 2039 1051 2103 sciscitantique,
1073 2041 1336 2104 Hactenus,

268 2117 578 2178 respondisse,
597 2133 684 2180 ego
703 2133 776 2166 me
799 2117 911 2166 bene
930 2118 1093 2168 habeo.
1137 2119 1335 2182 Verba,

267 2191 497 2257 inquam,
532 2194 724 2244 Burrbi
745 2201 888 2257 sunt,
918 2198 1017 2244 διο.
1053 2193 1083 2223 *
1114 2195 1336 2244 Boxhor-

266 2270 385 2320 nius.
453 2270 664 2325 Acute.
706 2279 762 2322 et
792 2271 920 2321 illud
966 2272 1232 2335 Hactenus,
1278 2280 1336 2324 ut

267 2344 477 2411 Burrhi,
491 2366 594 2399 non
616 2350 974 2415 Taciti,etiam
997 2349 1210 2414 praefert
1227 2349 1336 2400 An-

267 2427 379 2485 telii
404 2427 586 2490 lectio,
622 2429 783 2478 verba
819 2427 937 2488 ista,
972 2427 1215 2476 Hactenus
1249 2443 1335 2490 ego

264 2517 335 2552 me
367 2503 483 2554 bene
524 2504 691 2554 habeo.-
740 2505 842 2554 alio
880 2504 1186 2554 charactere
1230 2503 1335 2555 for-

265 2587 405 2630 mata
448 2581 718 2632 exbibens.
811 2581 1090 2632 Commode
1136 2589 1332 2644 tamen,

264 2659 518 2711 Hactenus
556 2663 861 2726 respondisse,
903 2667 1079 2724 potest
1122 2661 1333 2726 exponi,

261 2738 354 2789 hoc
380 2748 606 2802 tantum,
626 2744 723 2789 ὅτε.
759 2739 788 2767 ⁴¹*
821 2739 1103 2788 Gronovius.

324 2819 547 2867 Alterius
590 2815 978 2881 flagrantissima
1020 2815 1226 2880 flagitia
1286 2820 1331 2865 et

263 2895 526 2959 adulteria]
556 2897 600 2945 N
609 2902 807 2945 otatum
827 2896 877 2942 in
900 2895 1041 2944 Mur.
1055 2894 1334 2959 excerptis,

263 2978 309 3022 et
330 2976 392 3024 ad
411 2974 670 3023 ultimum.-
704 2973 844 3037 quod
868 2972 1086 3037 supponi
1111 2973 1333 3023 voluerit

265 3044 359 3113 pro
383 3051 512 3113 illis,
536 3055 583 3099 et
599 3050 855 3114 adulteria,
877 3066 940 3100 an
967 3049 1333 3114 interscri,fla-

259 3127 405 3189 guia,
429 3132 479 3177 et
515 3130 577 3177 ad
612 3127 828 3176 ultimum
865 3128 1116 3188 adulteria,
1139 3129 1333 3181 nescio.

263 3205 529 3259 Neutrum
554 3205 761 3270 quidem
781 3203 902 3253 mihi
929 3204 1211 3271 probabile.
1264 3205 1331 3255 Il-

262 3283 349 3333 lud
373 3299 481 3332 non
513 3290 690 3347 potest
727 3284 967 3343 omnin03
1004 3283 1098 3333 hoc
1140 3283 1334 3347 possit3

261 3363 351 3415 sed
373 3364 524 3413 nulla
546 3363 872 3425 necessitate,
911 3372 1000 3413 aut
1022 3363 1127 3412 levi
1150 3363 1336 3415 saltem

260 3455 459 3504 caussa.
496 3440 687 3490 Acidal.

324 3519 445 3569 Sine
465 3523 650 3582 qitoestu
673 3517 933 3581 tractabat]
968 3518 1155 3569 Posset
1178 3519 1336 3570 etiam

257 3595 381 3662 legi,
402 3600 715 3647 tractaverat.
750 3597 1043 3645 Rhenanus·

322 3675 578 3736 Sofonium
605 3674 918 3737 Tigellinum]
967 3673 997 3703 ¹*
1041 3674 1204 3724 Plura
1226 3658 1334 3726 illic

260 3752 403 3815 vide,
445 3753 542 3802 sed
581 3753 692 3801 haec
722 3754 965 3817 corrige.
997 3766 1032 3801 u
1061 3753 1249 3805 Vinicio
1288 3759 1336 3803 et

260 3828 438 3881 Lucio:
475 3832 726 3894 itemque,
769 3829 1055 3894 Agrippinas
1076 3837 1123 3881 et
1164 3831 1336 3896 Liviae,

257 3924 473 3959 sororum
522 3910 582 3957 C.
629 3908 849 3957 Caesaris.
939 3908 1082 3957 Nihil
1122 3909 1333 3958 certius.

263 3985 400 4038 Nam
435 3986 517 4036 M.
538 3985 771 4034 Vinicius
809 3985 1008 4034 Liviam
1040 3986 1335 4035 Germanici

262 4061 424 4117 filiam
449 4077 670 4112 uxorem
693 4061 889 4121 habuit,
910 4071 967 4110 et
988 4061 1047 4111 L.
1074 4063 1335 4115 Domitius

261 4137 636 4205 Agrippinam.
701 4140 911 4189 Tacitus
955 4139 989 4188 l.
1030 4153 1105 4189 vr.
1185 4139 1335 4190 Idem

260 4216 516 4285 Tigellini
538 4232 727 4268 nomen
749 4225 1050 4282 corruptum
1073 4217 1261 4267 odoror
1284 4218 1336 4266 in

263 4294 520 4359 Egesippi
543 4296 578 4344 l.
603 4308 680 4344 ιν.
721 4308 767 4343 c.
788 4297 871 4344 20.
906 4294 993 4343 ubi
1016 4294 1080 4342 de
1105 4295 1337 4344 Nerone.

262 4370 332 4430 Et
376 4370 511 4432 ideo,
543 4369 738 4439 inquit,
774 4370 1070 4435 nequissimis
1100 4387 1150 4422 se
1184 4372 1339 4437 Nym·

2306 412 2482 481 4073

1410 574 1576 638 phidio
1597 578 1645 624 et
1672 575 1931 625 Gemellino
1949 575 2185 639 proecipue
2203 575 2494 641 credendum,

1406 654 1618 715 putavit.
1683 652 2030 701 Gemellinum
2054 653 2190 701 hunc
2228 668 2489 720 nusquam„

1413 730 1664 794 reperias,
1703 737 1757 778 et
1777 745 2009 794 suppone
2033 727 2257 779 fidenter
2287 729 2496 793 Tigeuu

1412 822 1487 855 no.
1554 805 2008 870 Adprobat,quod
2044 806 2157 869 ipse
2197 804 2370 854 subdit
2393 800 2489 854 ‹le-1

1415 890 1613 932 sertum
1660 883 1924 932 Neronem
1948 882 2011 932 ab
2034 888 2283 947 utroque:
2341 881 2483 946 quod

1414 963 1667 1024 historiae,
1705 969 1760 1010 et
1782 960 2084 1011 nominatim
2130 959 2195 1008 de
2228 959 2499 1025 Tigellino,

1413 1040 1644 1101 Tacitus,
1670 1038 2026 1103 prodiderunt.
2057 1037 2264 1100 Lipsius.

1484 1116 1708 1176 Osonium
1731 1115 2033 1179 Tigillinum]
2072 1114 2371 1178 Xipliilinus
2395 1129 2487 1163 vo-

1414 1202 1500 1245 cat
1544 1193 1836 1259 Σωφρῶνιον,
1888 1194 1977 1243 ubi
2031 1192 2251 1243 fortasse
2301 1192 2485 1243 debuit

1414 1271 1662 1336 Σωφῶνιον
1699 1271 1999 1335 scripsisse:
2036 1276 2269 1320 ceterum
2304 1269 2389 1318 bic
2426 1274 2484 1317 et

1415 1349 1503 1399 lib.
1528 1350 1670 1400 Hist.
1694 1363 1734 1398 1.
1802 1347 2049 1409 Sofonium
2072 1346 2344 1412 legendum
2369 1360 2481 1397 esse

1414 1426 1692 1476 contendo.
1734 1426 2031 1476 Vertranius.
2208 1415 2223 1421 κ

1476 1503 1638 1567 Atque
1658 1501 1909 1563 infamiam
1928 1499 2136 1563 secutus]
2182 1500 2323 1550 Nero
2348 1514 2482 1549 ama·

1411 1579 1501 1629 bat
1526 1594 1634 1641 eos,
1658 1579 1746 1644 qui
1768 1576 1965 1643 flagitia
1980 1578 2221 1627 Venerea
2246 1576 2485 1626 dissimu-

1411 1654 1622 1705 labant:
1659 1670 1823 1720 eaque
1866 1656 1934 1704 de
1976 1668 2130 1704 causa
2176 1652 2240 1701 iis
2287 1648 2493 1705 caetera'

1414 1736 1618 1787 scelera
1641 1734 1928 1800 plerunque
1951 1734 2105 1783 missa
2126 1732 2278 1803 fecit,
2318 1741 2371 1782 ut
2397 1747 2495 1798 pa-.

1414 1822 1494 1866 tet
1531 1831 1597 1866 ex
1637 1816 1848 1865 Suet.'c.
1872 1820 1921 1864 9.
1989 1813 2269 1878 Tigellinus
2305 1812 2484 1877 itaque

1412 1902 1612 1959 apertae
1649 1902 1704 1944 et
1746 1893 2108 1958 perditissimae
2145 1890 2364 1941 luxuriae
2392 1890 2487 1953 vir,

1408 1984 1476 2019 ea
1496 1970 1563 2020 de
1601 1985 1655 2020 re
1680 1969 1993 2034 praefectura
2017 1969 2238 2019 donatus
2259 1974 2360 2019 est·
2393 1966 2484 2016 Sa·

1363 2110 1368 2115 ι
1409 2048 1628 2097 ῑίηεήιιε.

1496 2125 1573 2174 Ac
1614 2141 1716 2189 quoe
1751 2125 1827 2174 illi
1862 2140 1952 2189 pro
1996 2123 2212 2187 cognatis
2253 2122 2484 2187 moribus]

1412 2201 1536 2251 Non
1573 2202 1817 2267 displicet
1844 2202 2160 2253 Fasnesiana
2204 2201 2480 2263 scriptura.

1410 2281 1569 2343 Atque
1592 2279 1668 2328 itti
1682 2278 1978 2343 procognitis
1999 2276 2203 2327 moribus
2211 2274 2353 2337 fuere
2375 2295 2391 2326 .-
2424 2275 2481 2326 id

1412 2362 1511 2417 est,
1533 2357 1832 2421 praescitum
1857 2363 2029 2418 antea,
2049 2355 2137 2420 qni
2163 2367 2330 2403 mores
2354 2352 2482 2402 utri·
2517 2348 2524 2356 ’

1413 2446 1595 2497 usque.
1665 2432 1839 2482 Vatic.
1865 2430 2050 2494 refert,
2081 2431 2345 2495 progenitis
2384 2445 2480 2479 mo·
2512 2420 2519 2427 ’

1409 2509 1542 2559 ribus
1556 2528 1572 2560 .·
1610 2509 1894 2571 tentabam,
1908 2524 1995 2573 pro
2013 2508 2176 2571 gentis
2191 2504 2443 2569 maioribus
2461 2522 2482 2565 ,-

1413 2587 1560 2651 quasi
1611 2586 2057 2636 commendatione
2099 2586 2338 2635 vitiorum
2384 2597 2482 2648 pro

1410 2663 1668 2713 natalibus
1691 2679 1827 2714 usus.
1877 2662 2247 2725 Humilitatem
2268 2660 2481 2730 quidem

1411 2740 1616 2804 generis
1662 2739 1774 2804 ejus
1814 2746 1964 2789 notat
2001 2739 2138 2788 idem
2184 2737 2401 2787 Tacitus
2439 2750 2485 2786 1.

1410 2816 1692 2866 Histoi-iar.
1729 2818 1744 2844 ‘
1767 2814 2059 2880 Sophonius
2081 2814 2362 2885 Tigellinus
2386 2814 2476 2864 ‘ob-

1411 2894 1577 2944 scuris
1635 2893 1958 2957 parentibus,
2015 2891 2157 2942 foeda
2218 2889 2481 2955 pueritia!

1414 2975 1569 3025 Forte
1593 2983 1646 3025 et
1671 2976 1744 3025 sic
1766 2976 1869 3039 leg.
1903 2980 1957 3025 ut
1979 2974 2059 3038 qui
2081 2975 2156 3022 illi
2170 2989 2259 3036 pro
2277 2971 2484 3035 geminis

1411 3053 1619 3103 moribus
1651 3053 1862 3114 faveret.
1954 3051 2254 3119 Geminum,
2296 3049 2480 3101 simile.

1413 3131 1677 3180 Emeritus
1737 3145 1862 3194 ergo
1923 3129 2204 3194 Tigellinus
2249 3126 2480 3175 favorem

1413 3209 1640 3258 Neronis
1659 3206 1994 3257 similitudine
2013 3194 2206 3255 morum
2220 3204 2509 3265 vitiorum·‚

1416 3299 1534 3348 que.
1604 3286 1706 3334 Sed
1729 3300 1794 3332 ne
1818 3283 2149 3347 dissimulem,
2169 3280 2482 3330 Farnesiana

1413 3362 1571 3411 lectio
1595 3361 1787 3411 firmari
1810 3360 2014 3409 omnino
2046 3374 2075 3407 a
2108 3357 2318 3406 Victore
2342 3354 2484 3403 vide·
2506 3412 2513 3421 .

1415 3447 1516 3504 tur,
1540 3439 1764 3504 phrasim
1786 3438 1919 3488 hauc
1945 3436 2238 3494 aemulante,
2273 3433 2372 3483 imo
2399 3447 2480 3482 su-

1413 3524 1589 3565 mente
1633 3532 1662 3565 a
1698 3515 1896 3575 Tacito,
1937 3513 1989 3562 in
2041 3512 2282 3563 Otlronez
2335 3510 2349 3537 ‘
2376 3509 2482 3561 Qui

1414 3593 1650 3657 potentia
1684 3592 1794 3642 dies
1835 3589 1946 3639 fere
1992 3590 2214 3657 quinque
2248 3595 2303 3638 et
2339 3596 2482 3638 octo·

1412 3669 1575 3733 ginta,
1608 3668 1943 3733 praecognitis
1975 3667 2220 3731 moribuS,
2261 3666 2516 3735 potitus,-

1412 3748 1685 3814 postquam
1712 3762 1743 3797 a
1765 3745 1981 3796 Vitellio
2004 3746 2180 3810 pulsus
2204 3750 2305 3809 est,
2346 3759 2481 3795 mor·
2507 3800 2513 3808 Ι

1412 3836 1519 3879 tem
1536 3826 1643 3876 sibi
1662 3823 1947 3875 conscivit.'
1976 3822 2147 3887 Atque
2170 3822 2243 3870 ita
2265 3821 2480 3870 Victor:

1411 3911 1587 3955 tamen
1626 3902 1921 3967 ingeniosus
1960 3901 2232 3950 Mercerus
2272 3897 2478 3947 divisim

1409 3984 1499 4033 illa
1539 3980 1842 4032 Farnesiani
1891 3978 2082 4029 codicis
2119 3976 2365 4041 legebat:
2404 3975 2482 4024 illi

1404 4080 1496 4129 pro
1535 4062 1767 4126 cognitis:
1804 4060 1956 4123 tales,
1996 4058 2176 4124 quales
2202 4057 2314 4122 jam
2357 4064 2481 4108 ante

1411 4141 1544 4190 noti.
1577 4140 1784 4203 Lipsius,

1453 4219 1525 4267 Et
1536 4232 1640 4281 quae
1662 4216 1737 4265 illi
1749 4231 1881 4280 pro„
1859 4214 2034 4265 venitis
2047 4212 2214 4264 morib
2224 4210 2392 4275 suere]
2418 4194 2480 4263 ln

1413 4294 1698 4360 exemplari
1718 4294 1862 4358 regio
1876 4293 2087 4357 legitur,
2106 4296 2244 4356 atque
2257 4292 2351 4340 illi.
2384 4292 2483 4342 Le-

1413 4372 1660 4439 gerim,ac
1680 4370 1896 4437 quaeilliz
1918 4372 2014 4434 pr'o
2027 4367 2225 4434 genitio,
2236 4383 2362 4419 vero
2375 4384 2481 4432 cog·
