3009 4942
832 428 981 485 ιω.
1027 430 1139 482 x1.
1183 434 1351 484 car.
1394 418 1504 486 80.
1552 434 1992 489 ANNAMUM.

313 600 320 609 ·
376 573 864 642 mgna-refluum
883 593 936 628 eo
956 578 1022 629 ὄπ’
1040 582 1247 643 tempore
1263 592 1378 642 gro·

305 653 388 704 tic
400 646 588 717 Pallas]
623 655 705 705 Ita
721 655 860 708 Flor.
875 657 1068 721 Vulgo,
1086 672 1139 706 eo
1153 663 1376 722 tempore.

308 728 406 782 stc*
417 732 545 781 alibi
559 733 787 783 Tacitus.
823 735 1051 786 Pichena.
1118 738 1376 798 Muretus,

307 809 368 873 fi
385 813 611 873 tempore.
647 812 723 860 Ea
746 811 951 877 quidem
968 813 1137 864 Taciti
1157 816 1378 883 phrasis,

307 886 725 937 nec'asseverem
749 889 919 938 tam'en
952 890 1034 939 hic
1056 900 1375 956 usurpatam.

311 961 428 1012 ΕΙ).
451 976 556 1013 xn.
590 964 607 991 ‘
634 963 754 1013 Non
785 964 1014 1015 abnuere
1046 981 1227 1031 pacem
1259 967 1377 1019 Ibe-

308 1048 414 1102 ros,
425 1040 734 1105 quamquam
749 1040 799 1090 in
815 1050 921 1091 tem
928 1057 1052 1107 pore
1070 1042 1379 1095 validiores!

308 1117 417 1167 Ubi
435 1117 644 1183 quidem
668 1128 814 1170 certa
844 1123 955 1186 ejus
989 1124 1133 1179 notio
1155 1124 1222 1173 de
1245 1139 1378 1189 prae·

309 1196 446 1245 senti
467 1212 482 1245 ε
516 1211 635 1245 nam
658 1199 782 1248 alias
807 1200 1048 1266 ambigua
1081 1202 1145 1253 de
1165 1202 1373 1254 futuro:

307 1280 369 1321 ut
401 1273 521 1325 eod.
552 1274 642 1324 lib.
669 1288 771 1325 ιιι.
803 1277 820 1305 ‘
838 1278 1207 1330 Truculentior
1223 1296 1376 1347 quam

309 1354 486 1414 antea,
510 1348 758 1416 tanquam
784 1352 1032 1405 adversus
1067 1355 1378 1420 defectores,

309 1427 439 1477 etin
475 1434 715 1494 tempore
745 1431 1125 1483 rebellaturos.'
1191 1433 1378 1484 Potuit

307 1502 455 1555 etin
493 1520 547 1555 eo
584 1511 787 1571 tempore
821 1508 1122 1572 scripsisse:
1161 1518 1218 1560 ut
1255 1509 1379 1561 alibi

306 1581 348 1632 l:
368 1592 497 1632 x111.
531 1582 549 1611 ‘
563 1582 716 1632 Pons
735 1584 947 1634 Milvius
982 1587 1036 1635 in
1057 1601 1119 1637 eo
1142 1594 1378 1652 tempore

312 1658 535 1709 celebris
590 1661 858 1727 nocturnis
912 1663 1174 1714 illecebris
1233 1669 1384 1716 erat!

311 1733 579 1786 Acidalia.
651 1732 660 1741 ’
905 1726 914 1735 ’

319 1830 326 1835 ·
375 1813 509 1862 Num
531 1813 855 1863 Messauinam
876 1817 1087 1881 secretis]
1135 1816 1378 1877 Obscura

311 1891 644 1955 examinanti,
677 1906 776 1942 nec
814 1894 923 1942 scio
959 1909 1024 1943 au
1061 1890 1202 1944 satis*
1225 1910 1375 1946 nexa.

312 1960 583 2018 Sententia
604 1967 840 2019 videtur:
874 1970 1211 2020 Deliberasse
1228 1971 1381 2022 liber-

309 2050 392 2095 tos
412 2042 688 2113 bifariam3
720 2047 903 2111 primo,
927 2062 991 2097 an
1016 2048 1080 2097 ad
1106 2046 1379 2099 Claudium

312 2119 600 2186 deferrent,
611 2134 725 2186 quae
745 2138 862 2187 pars
880 2125 1114 2189 preivit:
1147 2126 1377 2190 hicjam,

309 2206 376 2248 an
397 2198 566 2264 ipsam
591 2200 938 2250 Messallinam
963 2208 1167 2251 secreto
1202 2201 1269 2251 de
1304 2201 1381 2250 Si-

310 2274 384 2325 lio
404 2284 694 2340 monerent,
730 2276 829 2327 alia
867 2278 1124 2328 adulteria
1151 2278 1383 2329 dissimu-

313 2351 500 2402 lantes.
584 2353 855 2404 Destitere
895 2354 961 2404 ab
1000 2362 1221 2419 utroque
1257 2355 1381 2404 alii:

315 2426 577 2479 Narcissus
607 2429 840 2494 perstitit,
893 2431 984 2481 sed
1029 2432 1080 2481 in
1125 2432 1386 2482 sententia

316 2506 511 2572 priore,
543 2505 597 2557 id
616 2513 700 2557 est
715 2507 781 2557 de
803 2507 1019 2559 Claudio
1042 2506 1384 2560 admonendo.

314 2583 527 2647 Lipsius.
723 2606 733 2619 ·
933 2584 943 2593 “

317 2678 328 2687 ·
385 2660 619 2710 Perstitit
656 2660 926 2724 Narcissus,
960 2663 1109 2712 solum
1146 2664 1199 2712 id
1218 2663 1386 2713 immu-

317 2737 456 2801 tans]
525 2736 596 2787 Et
664 2740 970 2804 particulam
1025 2741 1386 2805 expunximus.

318 2814 594 2865 Βλεηαηαο.
663 2814 829 2866 Addit
850 2817 983 2868 Flor.
1002 2822 1056 2866 ut
1071 2819 1216 2867 solum
1234 2818 1286 2868 id
1300 2819 1389 2868 im·

317 2897 525 2942 mutans.
592 2894 843 2957 Venetus,
874 2900 919 2944 et
939 2897 1121 2945 solum:
1153 2903 1298 2946 certe
1321 2896 1388 2947 de

305 2966 497 3034 aliquo
542 2969 749 3020 defectu
789 2970 1131 3035 suspicionem
1167 2980 1388 3038 augent:

319 3058 445 3095 nam
490 3055 685 3112 quanto
726 3050 892 3115 magis
934 3051 1101 3101 aciem
1146 3051 1390 3116 adhibeo,

316 3126 482 3175 Verba
502 3125 610 3188 illa,
629 3129 778 3177 solum
798 3129 868 3193 id,
889 3134 981 3179 aut
1001 3137 1268 3194 corrupta,
1301 3136 1392 3180 ant

318 3201 522 3252 mutila.
559 3202 786 3254 Picheuo.

325 3290 332 3301 ·
353 3274 362 3283 “
392 3279 612 3335 Quorum
628 3279 671 3328 is
684 3280 893 3346 corpori]
912 3281 1087 3332 Vatic.
1105 3281 1391 3347 corporibus.

320 3352 548 3418 Lipsius.

321 3438 332 3445 ‘
385 3431 525 3482 Car.
550 3436 634 3483 80.
670 3432 755 3481 Cis
782 3433 996 3484 Vectium
1019 3435 1292 3500 Plancium]
1323 3435 1394 3487 11·

316 3508 390 3561 lic
435 3515 520 3559 est
564 3525 772 3574 semper
808 3512 1048 3564 Plautius.
1099 3515 1391 3566 Rhenanus.

323 3586 436 3638 Hic
473 3586 622 3639 locus
665 3589 947 3640 foedissime
986 3598 1260 3656 corruptus
1297 3599 1398 3657 est,

319 3678 488 3732 usque
506 3667 574 3716 ad
595 3682 658 3716 ea
676 3669 857 3730 verba,
878 3669 960 3718 An
980 3669 1247 3720 dissidium.
1290 3668 1394 3719 Im-

324 3748 410 3792 mo
432 3742 628 3809 aliquid
652 3745 837 3807 procul
859 3744 1016 3795 dnbio
1041 3745 1209 3796 deest.
1243 3745 1395 3796 Prin-

323 3818 463 3885 cipio
483 3821 658 3870 Vectii
688 3820 894 3872 Plaueii
926 3823 1124 3873 mentio
1157 3822 1296 3873 nulla
1318 3830 1398 3873 est

325 3896 469 3961 apud
497 3898 638 3947 hunc
660 3897 804 3961 alibi,
842 3907 934 3949 aut
957 3898 1095 3964 apud
1127 3897 1273 3964 alios,
1307 3900 1396 3965 qui

326 3974 394 4024 de
419 3973 643 4024 Claudio
666 3976 938 4040 scripsere,
973 3985 1219 4041 quantum
1259 3990 1400 4026 nunc

328 4049 558 4101 memini.
606 4050 780 4100 vectii
811 4051 1045 4100 Valentis
1067 4049 1202 4101 infra
1226 4059 1398 4102 tamen

325 4125 567 4176 meminit
608 4124 932 4192 frequenter,
977 4135 1224 4193 tanquam
1268 4128 1398 4177 indi-

330 4202 468 4251 cium
522 4201 793 4253 offerentis
859 4210 1081 4270 ¹remque
1147 4205 1398 4256 confessi.

331 4277 547 4328 Deinde
566 4279 690 4343 quid
712 4290 812 4343 est,
848 4292 940 4329 mn
963 4280 1121 4339 fuisse
1154 4296 1257 4331 eam
1278 4296 1402 4331 nunc

331 4353 616 4416 obieci-urm
635 4355 893 4421 adulteria,
907 4371 966 4407 ne
982 4358 1200 4408 redderet
1215 4359 1402 4409 domum

2346 406 2521 491 3979

1454 581 1504 628 et
1522 575 1757 629 servitiu?
1789 593 1905 629 uam
1940 579 1983 629 si
2012 579 2077 630 ad
2098 578 2364 632 Claudium
2388 581 2521 635 refe-⁰

1453 661 1657 719 runtur,
1678 670 1773 706 cur
1807 657 1976 722 inquit
2010 658 2211 709 statim:
2258 660 2524 712 Frater-etur

1452 734 1593 784 numo
1612 730 1714 784 iis?
1765 734 1857 785 Sin
1899 743 2073 785 autem
2108 736 2175 788 ad
2207 737 2389 787 Silium
2428 744 2523 789 aut

1454 810 1806 877 Messalinam,
1848 829 1942 865 cur
1982 830 2087 864 non
2128 824 2251 865 erat
2291 816 2523 868 dicturus

1454 890 1729 955 adulteria,
1751 906 1817 940 ne
1840 891 2118 943 redderent
2136 893 2250 942 haec
2275 894 2520 959 principi,

1453 968 1637 1035 quibus
1670 976 1837 1020 aucta·
1871 968 2091 1021 fuissent
2126 985 2209 1019 res
2240 971 2522 1036 principis?

1453 1045 1801 1098 Quamobrem
1827 1048 2034 1098 omnino
2067 1047 2394 1098 desideratur
2432 1047 2523 1097 ali·

1454 1122 1579 1188 quid
1604 1129 1659 1172 et
1681 1122 1826 1172 locus
1857 1131 1941 1174 est
1965 1123 2519 1174 contaminatissimum

1454 1197 1544 1247 ubi
1582 1199 1721 1247 aliud
1760 1199 1890 1248 nihil
1933 1201 2094 1264 possis
2135 1214 2288 1265 quam
2322 1206 2522 1250 temere

1449 1274 1650 1324 addere
1667 1281 1722 1325 et
1739 1275 1986 1325 divinare.
2025 1276 2267 1326 Fmetus.
2311 1270 2523 1327 Mendis

1453 1348 1679 1401 foedatus
1716 1346 1855 1403 locus
1893 1352 1978 1403 hic
2013 1361 2109 1417 est,
2140 1367 2203 1403 eo
2244 1368 2438 1418 usque,·
2461 1368 2526 1405 an

1452 1429 1722 1480 discidium.
1758 1442 1765 1449 ·
1790 1428 1865 1478 Et
1881 1428 2017 1495 quod
2051 1429 2257 1495 ignotus
2279 1431 2347 1479 sit
2367 1430 2523 1480 bisto-

1455 1505 1575 1555 ricis
1619 1505 1851 1555 omnibus
1890 1507 2106 1556 Vectius
2150 1507 2415 1569 Plancius,
2464 1513 2521 1558 et

1456 1584 1597 1650 quod
1637 1585 1703 1634 ad
1727 1583 2001 1634 Claudium
2044 1583 2232 1635 referri
2272 1586 2524 1649 scriptum

1454 1661 1662 1710 minime
1686 1661 1870 1726 possit,
1884 1662 2049 1711 multa
2071 1661 2251 1711 deesse
2275 1660 2528 1726 suspicor,

1455 1746 1675 1803 quorum
1699 1745 1782 1788 est
1806 1738 1944 1802 apud
1969 1752 2050 1786 me
2074 1737 2352 1801 desperata
2375 1736 2528 1786 resti-

1456 1816 1612 1878 tutio,
1649 1821 1710 1864 ut
1743 1822 1865 1865 ante
1890 1815 2111 1878 AEmylio
2138 1815 2382 1863 Ferretto
2403 1810 2526 1864 fnit.

1457 1888 1645 1957 Neque
1683 1906 1806 1942 vero
1846 1892 2119 1957 quicquam
2161 1892 2386 1942 attinere
2423 1890 2527 1941 ista

1458 1977 1589 2032 puto
1627 1968 1693 2019 ad
1714 1968 1952 2019 Vettium
1973 1970 2271 2031 Valentem,
2312 1968 2379 2017 de
2420 1980 2531 2034 quo

1458 2058 1579 2093 mox
1603 2045 1906 2107 Cornelius;
1946 2058 2116 2110 neque
2154 2047 2424 2112 quicquam
2459 2044 2526 2094 ad

1458 2122 1650 2173 Aulum
1672 2124 1936 2173 Plautium
1974 2132 2286 2187 senatorem,
2321 2126 2409 2191 qui
2444 2139 2526 2176 re-

1457 2200 1556 2249 bus
1577 2214 1828 2265 prospere
1875 2201 1926 2250 in
1948 2201 2223 2251 Britannia
2248 2202 2428 2265 gestis,
2464 2206 2527 2251 nt

1458 2281 1544 2325 est
1567 2274 1661 2326 inf.
1685 2277 1721 2327 l.
1745 2288 1871 2326 xm.
1908 2282 1964 2325 et
1986 2277 2124 2340 apud
2146 2277 2447 2327 Suetonium
2472 2284 2530 2327 et

1459 2352 1706 2416 Dionem,
1746 2366 1777 2401 a
1813 2352 2325 2416 Claudiolaudatus,
2364 2366 2526 2403 ovans

1459 2429 1644 2478 urbem
1659 2429 1919 2492 ingressus
1934 2434 2032 2479 est.
2061 2430 2353 2482 Vemania&
2389 2430 2529 2486 Quod

1455 2504 1506 2553 ci
1526 2505 1611 2553 cis-
1625 2505 1856 2566 Vectium,
1895 2507 1965 2555 cis
1988 2507 2231 2558 Plautium
2263 2507 2529 2558 dissimula-

1458 2583 1926 2646 visset,emendavit
1939 2585 2165 2653 Lipsius,
2179 2600 2297 2636 nam
2316 2588 2529 2637 turbant

1460 2659 1584 2709 libri
1608 2667 1828 2712 veteres.
1863 2662 2007 2712 Man.
2030 2670 2306 2728 corrupte:
2342 2665 2463 2728 quod
2484 2663 2531 2713 ei

1461 2735 1532 2785 cis
1559 2736 1745 2786 retticis
1781 2739 1995 2788 Plautio.
2063 2740 2241 2802 Forte,
2263 2742 2385 2803 quod
2405 2741 2451 2790 ei
2472 2742 2533 2790 de

1470 2813 1631 2864 Vectio
1669 2820 1716 2864 et
1756 2816 1954 2864 Plautio
1989 2816 2396 2867 dissimulavisset.
2441 2817 2532 2867 Pt-

1466 2890 1661 2941 chena.
1686 2890 1953 2954 Conjicio:
1987 2894 2106 2954 quod
2127 2891 2173 2941 ei
2189 2893 2336 2941 scelus
2361 2892 2535 2957 Vectii,

1461 2967 1615 3037 scelus
1662 2967 1848 3021 Plautii
1905 2968 2308 3021 dissimulavisset.
2395 2970 2533 3020 Nam·

1464 3042 1596 3093 illud
1634 3044 1706 3093 cis
1732 3045 1921 3095 Tacito
1956 3044 2203 3110 insolens,
2240 3061 2338 3097 nec
2371 3045 2534 3097 sic'ab

1466 3120 1770 3171 auctoribus
1785 3128 2108 3185 usurpatum.
2141 3124 2380 3173 Aurelius.
2413 3123 2535 3173 Non

1456 3196 1574 3260 jam
1593 3211 1741 3262 rogo,
1753 3204 1812 3248 ut
1826 3199 1995 3248 Taciti
2013 3200 2234 3249 lectores
2255 3200 2535 3264 inspiciant

1466 3275 1681 3324 aliorum
1704 3276 1757 3325 in
1778 3275 1916 3326 hunc
1950 3277 2122 3326 locum
2145 3283 2362 3326 conatus
2380 3266 2537 3342 (sunt

1465 3351 1605 3401 enim
1628 3358 1826 3401 tantum
1863 3359 2097 3414 conatus,
2133 3366 2302 3418 neque
2325 3352 2425 3401 alio
2446 3366 2535 3404 no-

1467 3428 1607 3477 mine
1646 3427 1934 3494 landandi‘,)
1978 3430 2071 3478 sed
2112 3428 2264 3479 modo
2289 3428 2535 3478 Ms.·Flo·
2574 3466 2575 3469 η

1468 3504 1663 3554 rentini
1683 3505 1978 3555 lectionem.
2045 3505 2148 3555 Illa
2181 3507 2389 3556 tandem
2422 3520 2537 3568 nos,

1466 3579 1521 3630 ni
1554 3579 1723 3645 fallor,
1759 3581 2071 3631 verissimam
2112 3582 2322 3632 docebit
2355 3589 2412 3632 et
2448 3582 2538 3632 ab·

1470 3658 1659 3708 solvet.
1726 3658 1812 3708 Sic
1834 3657 2029 3720 habetg
2064 3658 2202 3715 Quod
2235 3659 2280 3709 ei
2316 3659 2385 3708 cis
2423 3659 2541 3710 Vec-

1468 3733 1583 3785 ticis
1620 3735 1819 3784 Plautio
1855 3735 2259 3785 dissimulauisset.
2327 3734 2538 3785 Prema·

1469 3824 1584 3861 mus
1598 3811 1711 3876 jam
1735 3814 1964 3877 singulas
2003 3812 2203 3862 litteras
2239 3819 2296 3861 et
2319 3811 2392 3861 sic
2416 3825 2539 3862 con-

1472 3890 1747 3939 stituamus
1768 3898 1933 3938 totum
1960 3890 2159 3939 locum:
2199 3889 2327 3946 Quid
2351 3889 2479 3938 enim
2495 3889 2541 3938 si

1479 3966 1683 4030 Vedios,
1704 3967 1945 4027 Plautios,
1966 3962 2386 4015 dissimulavisset?
2437 3966 2541 4016 Nec

1471 4030 1595 4094 nunc
1615 4044 1853 4093 adulteria
1872 4044 2173 4104 objecturum,
2194 4042 2282 4090 uit.
2319 4041 2541 4092 Veniam

1473 4121 1610 4185 petit
1636 4120 1930 4184 Narcissus,
1952 4119 2245 4168 Messalina»
2274 4132 2388 4167 cum
2411 4119 2542 4169 Silio

1472 4198 1767 4262 conjugium
1792 4196 2015 4259 principi
2034 4195 2380 4258 expositurus,
2402 4194 2542 4261 quod

1473 4275 1670 4339 priores
1695 4275 1957 4324 adulteros
1983 4275 2281 4324 Messalinae
2307 4273 2372 4323 ad
2397 4274 2539 4338 prin-

1471 4351 1644 4418 cipem
1666 4364 1769 4402 nou
1792 4351 2084 4403 detulisset.
2133 4350 2283 4402 ‘Post
2306 4358 2422 4418 quie
2436 4358 2538 4405 ‘ex-
