3009 4942
467 543 771 612 pessndari
794 561 808 595 z
830 544 847 574 ‘
861 545 963 598 Qui
978 546 1233 596 soeloeum
1250 544 1533 607 ministros,

468 632 534 674 ut
567 625 793 689 perverti
818 624 883 673 ab
907 624 1015 673 aliis
1053 624 1285 682 nolebat,
1321 623 1395 672 ita
1428 625 1536 685 ple·

473 715 687 766 rumque
712 701 947 759 satiatus,
965 709 1021 752 et
1037 701 1223 750 oblatis
1241 701 1293 749 iu
1314 699 1536 748 eandem

470 792 685 843 operam
719 778 1030 839 recentibus,
1068 787 1273 827 veteres
1306 783 1367 826 et
1404 791 1537 841 prse-

474 869 657 919 graves
680 854 899 905 afflixit.’
952 857 1057 908 Qui
1081 871 1196 904 cum
1212 856 1325 920 jam
1354 859 1539 917 aperte

475 932 773 984 Pacuuiano
806 934 1095 984 immineret
1127 940 1297 982 sumta
1316 931 1542 981 occasio·

477 1024 545 1060 ne
588 1020 741 1061 ruunt
780 1026 971 1072 omnes,
1007 1009 1383 1075 proferuutque
1420 1009 1540 1058 odia

480 1087 659 1150 dilata,
704 1094 760 1136 et
796 1089 946 1136 morti
980 1102 1098 1136 eum
1137 1089 1542 1150 mancipassent,

478 1162 581 1213 nisi
601 1162 782 1213 indicii
806 1162 1124 1227 professione
1161 1176 1273 1212 sese
1311 1161 1431 1210 iude
1453 1175 1543 1210 ex·

481 1239 723 1289 emisset:
762 1238 992 1289 subdidit
1012 1248 1185 1288 autem
1212 1253 1356 1288 reum
1377 1238 1547 1302 hujus·

483 1315 630 1365 modi
679 1313 921 1365 facinoris
968 1316 1227 1365 Latinium
1260 1316 1549 1379 Latiarem,

484 1393 577 1458 qui
596 1394 835 1458 patribus
864 1410 1012 1460 aeque
1036 1404 1191 1460 atque
1221 1395 1333 1459 ipse
1356 1396 1548 1443 invisus

484 1475 615 1520 erat.
662 1471 943 1522 Miner-ias.
1010 1475 1255 1536 Nugatur
1296 1487 1415 1520 cum
1456 1486 1551 1520 sua

479 1544 583 1599 sibi
603 1549 972 1612 explicatione,
993 1558 1052 1599 ut
1073 1565 1232 1614 saepe.
1269 1549 1552 1601 Grmsovias.

540 1624 734 1676 Cal-A.
748 1627 994 1688 Ingressus
1013 1634 1082 1677 est
1098 1634 1340 1678 accusator
1353 1627 1553 1690 Acrius]

490 1700 717 1750 Restitui
742 1718 841 1752 non
863 1706 1016 1765 male,
1040 1720 1293 1766 aggressus
1314 1711 1400 1767 est,
1420 1721 1554 1754 acca·

488 1780 622 1825 nator·
642 1793 699 1826 ac
719 1779 983 1839 reusjaxta
1002 1781 1165 1830 invisi.
1220 1783 1478 1831 Paconius
1499 1789 1556 1832 et

492 1852 719 1903 Latiaris
741 1855 1093 1906 odiorumduo
1111 1860 1333 1908 nomina.
1367 1859 1556 1925 Itaque

492 1931 739 1996 gaudium
767 1941 975 1997 patrum
995 1934 1098 1987 fuit
1131 1939 1372 2002 perculso
1393 1938 1558 1988 Paco-

494 2009 586 2059 nio
642 2025 674 2059 a
726 2011 969 2061 Caesare:
1039 2013 1283 2077 gaudium
1336 2015 1556 2064 alterum

494 2085 782 2149 minato,
803 2088 868 2136 ab
890 2103 955 2140 eo
978 2090 1169 2154 iudice,
1193 2091 1406 2142 Latiari.
1440 2091 1559 2157 Lip-

564 2243 809 2294 Latiniwn
836 2246 1082 2296 Latiarem
1117 2248 1363 2311 ingressus
1391 2253 1463 2298 cst
1483 2264 1561 2298 ac-

495 2324 701 2382 unitor,
743 2323 901 2371 acrias
927 2325 1079 2384 Juxta
1112 2325 1280 2390 invisi]
1316 2327 1564 2391 Suspicor

498 2396 829 2448 scribendum
851 2409 907 2449 et
929 2400 1373 2466 distinguendum:
1397 2405 1566 2454 Latini

498 2474 751 2525 Latiaris
732 2491 972 2540 ingressas
997 2487 1068 2531 est
1103 2488 1347 2532 accusator
1367 2482 1566 2545 Acrius,

488 2550 639 2612 W«
672 2554 852 2605 invisi:
901 2572 1019 2606 nam
1060 2559 1215 2622 plane
1254 2574 1441 2609 novum
1482 2567 1567 2609 est

500 2629 749 2681 Latinium
769 2633 1055 2684 Latiarem'
1037 2650 1296 2700 ingressas,
1335 2651 1448 2700 pro,
1481 2652 1567 2687 ac-

503 2707 698 2758 tionem
724 2710 899 2759 Latini
919 2712 1158 2774 Latiaris,
1179 2713 1231 2761 id
1267 2724 1365 2776 est,
1386 2721 1570 2764 contra

506 2781 766 2834 Latinium
791 2787 1050 2837 Latiarem
1084 2789 1361 2852 ingressus.
1416 2791 1571 2842 Quod

506 2867 739 2910 nostram
793 2865 1148 2926 conjecturam
1204 2866 1437 2931 adjuvet,
1495 2867 1570 2916 sic

507 2948 710 2984 rursum
733 2937 958 3002 loquitur
981 2941 1016 2988 l.
1045 2954 1163 2990 xvr.
1197 2942 1213 2970 ‘
1239 2943 1414 3008 Atque
1440 2943 1570 2994 inte-

509 3011 604 3060 rim
630 3013 870 3064 Ostorius
905 3016 1121 3067 Sabinus
1155 3018 1339 3068 Sorani
1364 3035 1574 3070 accusa-

511 3096 595 3138 tor
612 3089 934 3153 mgr-editur
969 3094 1241 3146 Rhenanus.
1289 3097 1460 3147 Latini
1481 3098 1576 3147 La-

513 3168 657 3218 tiaris
675 3169 913 3232 ingressus
934 3177 1004 3220 est
1019 3178 1278 3238 accusator,
1299 3176 1379 3237 esc.
1413 3183 1469 3224 et
1503 3176 1577 3225 sic

513 3248 727 3311 legebat
763 3251 1249 3314 Danesius.1tem,
1286 3252 1578 3317 praebebant,

515 3325 680 3392 magis
713 3327 966 3391 placeret,
1004 3343 1158 3393 quam
1190 3329 1510 3393 proebebatur,
1536 3330 1579 3378 si

514 3409 630 3467 pro,
667 3397 862 3467 Xer-ius,
912 3413 1211 3470 reponatur,
1248 3422 1304 3456 ac
1338 3423 1472 3456 reus:
1522 3412 1583 3457 nt

516 3484 657 3528 totus
679 3481 819 3530 locus
848 3483 922 3531 ita
955 3484 1197 3546 legatur:
1230 3485 1508 3550 Accusator,
1526 3501 1583 3536 ac

512 3570 645 3619 reus,
670 3558 820 3620 juxta
850 3560 1010 3622 invisi,
1041 3562 1368 3622 gratissimum
1403 3570 1584 3628 specta·

516 3635 673 3684 culam
690 3638 977 3699 praebebant.
1017 3642 1254 3692 Ursinus,
1321 3644 1403 3691 Ire
1426 3644 1477 3692 in
1496 3643 1585 3692 ali-

519 3724 655 3778 quem
682 3714 877 3764 dicitur
899 3716 964 3765 de
992 3727 1308 3770 accusatore.
1368 3721 1478 3770 Cic.
1519 3721 1586 3770 ad

521 3788 641 3842 Ant.
673 3792 763 3842 lib.
795 3807 879 3856 ep.
902 3799 951 3844 7.
995 3798 1009 3822 ‘
1037 3795 1275 3859 equidem
1308 3805 1587 3863 antequam

522 3870 638 3918 tuas
693 3871 795 3933 legi
840 3873 1060 3933 litteras,
1102 3873 1155 3921 in
1209 3875 1465 3923 hominem
1512 3875 1589 3926 ire

521 3945 794 4010 cupiebam
811 3949 843 3998 :'
880 3950 1014 4014 quod
1035 3963 1101 3998 ex
1124 3952 1454 4015 sequentibus
1486 3967 1590 4002 ma·

524 4024 603 4088 gis
641 4026 918 4077 clarescit:
974 4032 988 4055 ⁴
1015 4027 1137 4093 quid
1183 4030 1403 4093 quaeris?
1439 4045 1592 4079 acue·

526 4114 637 4150 ram
684 4119 763 4151 me
802 4107 866 4154 ad
907 4106 1271 4170 exagitandam
1307 4106 1439 4156 hanc
1480 4108 1590 4170 ejus

526 4180 896 4244 legationem?
977 4185 1207 4249 loquitur
1262 4184 1328 4232 de
1390 4184 1593 4233 Clodio.

530 4252 681 4306 Idem
712 4272 806 4307 cur
838 4275 942 4310 non
975 4261 1029 4310 in
1058 4261 1236 4325 verbo,
1254 4258 1491 4324 gradior?
1522 4261 1596 4310 ire

525 4336 669 4387 enim
691 4344 749 4390 et
776 4336 965 4403 ingredi
986 4350 1079 4390 eos
1100 4341 1264 4392 etiam
1295 4340 1486 4405 signat,
1506 4338 1596 4404 qui

488 4767 722 4906 k

1170 399 1389 451 1⁴01·AE
1435 398 1841 452 vAnmntJM
1888 399 1970 450 {N

1606 545 1767 595 ¹rerba
1784 543 2001 596 faciunt.
2033 545 2243 596 Terent.
2267 543 2494 610 Adelph.
2508 540 2532 571 ‘
2553 537 2669 594 Mn·-

1608 637 1676 672 ne
1691 623 1828 673 scio:
1851 624 1986 673 istuc
2002 622 2173 674 ibam?
2203 622 2352 686 virg.
2371 635 2451 672 vr.
2468 621 2486 649 ‘
2504 619 2674 671 Pater
2707 686 2716 694 ·

1613 700 1865 750 Anchises
1879 700 2110 750 lacrimis
2146 699 2405 763 ingressus
2437 697 2673 767 obortis?

1612 775 1688 827 At
1724 777 1810 826 hic
1847 791 1970 840 uon,
2001 792 2190 839 gressus
2223 781 2297 826 e'st
2325 776 2379 825 in
2407 775 2675 838 ἰατὴν-ως

1613 854 1705 903 sed
1743 857 1980 917 ingressus
2008 860 2080 904 est
2114 855 2378 904 Latiarem·
2433 853 2584 903 Heus
2617 859 2676 902 tn

1614 947 1709 982 cur
1761 933 2013 982 Plautus:
2088 933 2106 959 ⁴
2130 931 2470 981 circumduce
2523 931 2678 979 hasce

1614 1008 1812 1058 tedes-:⁹
1832 1014 1888 1057 et
1911 1023 2013 1057 non
2034 1010 2153 1058 duce
2171 1009 2347 1057 cirtam
2367 1008 2503 1057 hasce
2519 997 2679 1057 aedes!

1615 1085 1849 1134 Sinamus
1869 1083 2031 1148 igitur
2045 1085 2427 1149 castigationes,
2450 1096 2579 1152 quas
2593 1080 2680 1134 hic

1618 1163 1946 1213 doctissimus
1969 1163 2051 1212 vir
2071 1169 2393 1213 commentus
2414 1168 2514 1212 est.
2553 1161 2682 1212 ‚saer-

1618 1239 1796 1289 nerias.
1853 1239 2140 1301 Eleganter
2171 1239 2396 1304 Lipsius,
2423 1237 2680 1304 quomodo

1623 1324 1678 1365 et
1696 1317 1934 1366 Muretus
1957 1323 2245 1369 notaverat.
2276 1318 2378 1368 Sed
2403 1317 2543 1366 idem
2563 1317 2683 1384 Lip-

1623 1395 1727 1444 sius
1749 1395 1903 1455 male,
1926 1395 2062 1460 quod
2083 1410 2335 1458 aggi-escas
2354 1399 2541 1444 mutat.
2602 1393 2683 1442 In-

1620 1485 1812 1534 gressus
1838 1477 1912 1522 est
1944 1473 2109 1534 valet,
2132 1473 2310 1536 coeplt,
2331 1487 2520 1537 nempe
2556 1470 2687 1520 indl-

1625 1564 1765 1599 care.
1837 1549 1922 1598 Sic
1965 1560 2105 1614 saepe
2149 1548 2274 1598 alibi
2310 1549 2546 1598 absolute
2591 1547 2687 1602 hoc

1626 1627 1844 1677 verbum
1881 1639 2068 1691 magna
2099 1641 2218 1676 cum
2261 1625 2444 1691 gratia,
2486 1625 2579 1673 lib.
2609 1623 2689 1673 xi.

1626 1709 1643 1738 ⁸
1667 1708 1939 1772 Ingressus
1993 1703 2382 1766 defensionem‚'
2427 1706 2530 1753 &c.
2587 1706 2692 1750 non

1630 1787 1812 1851 procul
1836 1786 1900 1836 ab
1922 1785 2087 1834 initio.
2119 1785 2155 1833 l.
2181 1794 2291 1833 xv1.
2310 1784 2327 1811 ⁸
2352 1781 2530 1848 Atque
2563 1782 2695 1829 inte-

1630 1865 1727 1914 rim
1750 1864 1991 1913 Ostorius
2026 1862 2243 1912 Sabinus
2273 1860 2455 1910 Sorani
2492 1859 2695 1908 accusa*-

1634 1949 1718 1992 tor
1739 1940 2029 2004 ingreditur
2055 1939 2356 2003 orditurque
2381 1936 2448 1985 de
2473 1931 2698 1984 amicitia

1634 2017 1865 2068 Rubellii
1887 2015 2214 2077 Plauti,’&c.
2271 2014 2345 2063 At
2384 2026 2482 2076 ego
2518 2010 2697 2060 luben-

1634 2101 1734 2159 ter,
1751 2094 1816 2143 ad
1835 2093 2244 2143 concinnitatem
2259 2091 2529 2155 majorem,
2539 2085 2698 2136 verba

1634 2173 1791 2225 velim
1826 2161 2201 2235 transponere:
2245 2170 2312 2218 Ut
2347 2183 2394 2218 v.
2433 2167 2548 2215 Lat.
2589 2162 2699 2240 [αττ

1635 2250 1878 2311 ingressus
1909 2252 1997 2310 est,
2025 2245 2349 2308 gratissimum
2387 2240 2700 2307 spectaculum

1632 2325 1950 2391 proebebatar,
1971 2329 2214 2374 accusator
2234 2339 2290 2372 ac
2327 2336 2440 2371 reus
2458 2320 2610 2380 Juxta
2629 2317 2724 2366 iu·¹

1639 2404 1751 2454 visi.
1785 2402 2003 2452 Latiaris
2021 2407 2077 2451 ut
2098 2401 2258 2468 retuli,
2272 2404 2353 2465 ᾂτ.
2389 2399 2507 2451 Quo
2524 2393 2704 2446 ordine

1639 2481 1876 2531 Tacitum
1900 2478 2188 2543 scripsisse,
2219 2491 2318 2541 ego
2342 2490 2436 2539 pro
2458 2487 2541 2522 me
2561 2476 2705 2522 certo

1642 2557 1821 2621 credo,
1840 2571 1937 2606 nec
1968 2556 2108 2604 idem
2145 2553 2400 2603 affirmare
2425 2550 2539 2602 aliis
2562 2546 2708 2597 dubi-

1643 2635 1815 2685 tarim.
1849 2633 2115 2684 Acidalia-s.
2172 2631 2351 2694 Lipsio
2386 2641 2597 2693 prorsus
2631 2639 2707 2674 as-

1646 2713 1800 2777 sensi,
1823 2713 1912 2801 qul
1933 2710 2248 2773 emendavit,
2265 2711 2585 2757 accttsator'ac
2604 2707 2713 2752 reas

1634 2790 1788 2851 juxta
1832 2790 2007 2839 invisi:
2048 2782 2308 2851 Corrupt'e
2350 2789 2520 2846 autea,
2553 2788 2710 2846 atque

1648 2870 1844 2933 inepte,
1873 2871 2114 2916 accrtsator
2149 2865 2339 2927 Acrius,
2368 2863 2523 2924 juxta
2553 2858 2712 2908 invisi.

1647 2946 1858 2995 Deinde
1894 2943 2117 2993 fortasse
2159 2941 2340 2990 melius
2381 2953 2446 2988 ex
2483 2922 2712 2996 Mur-eto,

1645 3021 1936 3086 praebebant.
1972 3020 2075 3069 Sed
2100 3020 2311 3082 vulgata
2326 3015 2483 3064 lectio
2504 3008 2712 3061 minime

1651 3097 1964 3163 spernenda.
2002 3094 2228 3144 Pichena.
2724 3082 2730 3093 “

1720 3176 1911 3224 Metam
1939 3187 2132 3237 prorsus
2152 3176 2199 3221 et
2219 3167 2417 3231 noxam]
2451 3167 2505 3216 Si
2527 3158 2719 3215 exami-

1653 3270 1767 3317 nas,
1788 3253 1946 3303 stabis
1970 3268 2000 3301 a
2019 3251 2284 3302 Groslotio
2308 3249 2547 3312 legente:
2582 3241 2719 3293 noxe

1655 3335 2000 3385 conscientiam.
2035 3333 2146 3395 Ego
2164 3332 2321 3378 etiam
2343 3318 2722 3390 velim,habere,

1656 3425 1780 3475 non,
1803 3411 1990 3462 haberi.-
2024 3406 2286 3458 seutentia
2306 3406 2533 3454 volente.
2587 3399 2723 3462 Lips-

1724 3493 1794 3540 Et
1829 3503 2003 3538 noxam
2032 3480 2348 3544 conscientiae]
2380 3482 2522 3530 Puto
2551 3484 2725 3526 emetr-

1658 3565 1905 3628 dandum,
1924 3577 2062 3612 noxoe
2082 3559 2431 3612 conscientiam.
2464 3557 2726 3604 Muretus.

1659 3645 1780 3694 Non
1810 3656 1909 3704 ego
1931 3641 2190 3690 Groslotio
2212 3635 2482 3696 dissentio,
2506 3629 2726 3698 qui'ele-

1662 3719 1954 3786 gantissime
1977 3722 2025 3766 et
2045 3730 2182 3766 noxae
2202 3715 2548 3765 conscientiam.
2588 3707 2729 3758 ‘Pos-

1661 3805 1717 3848 se
1743 3805 1946 3848 tantum
1970 3795 2088 3843 dico
2118 3795 2296 3855 etiam,
2331 3796 2504 3841 metam
2536 3799 2730 3862 prorsas

1664 3891 1727 3926 ex
1769 3889 1895 3924 :coxa
1937 3870 2247 3932 conscientiae,
2309 3869 2391 3917 vel
2436 3866 2631 3931 potius,
2671 3867 2730 3912 eal

1664 3968 1802 4002 noxae
1824 3949 2124 4000 conscientia.
2177 3946 2280 3995 Sed
2315 3957 2416 3993 nou
2452 3956 2601 4007 aeque
2630 3939 2732 3997 ele-

1669 4035 1872 4095 ganter.
1926 4026 2122 4075 Habere
2143 4039 2258 4072 cum
2285 4021 2462 4085 Lipsio
2485 4033 2552 4068 an
2572 4016 2734 4067 haberi

1669 4123 1784 4157 cum
1826 4106 1980 4168 'vulgo
2014 4103 2228 4164 scribas,
2261 4108 2387 4164 puto
2419 4097 2543 4146 nihil
2578 4096 2738 4145 inter·

1668 4197 1801 4235 esse.
1849 4181 2117 4233 Acidalius.
2218 4179 2351 4228 Haec
2397 4167 2735 4236 manuscripti

1668 4262 1848 4325 lectio,
1891 4266 1937 4308 et
1980 4258 2173 4308 noxiam
2226 4253 2538 4305 conscientia».
2619 4245 2734 4301 Nec

1669 4340 1934 4403 vulgatam
1970 4348 2195 4402 sperno:
2212 4338 2279 4383 et
2301 4344 2476 4381 noxam
2503 4323 2736 4378 conscien-
