3009 4942
870 450 1016 499 ms.
1061 448 1115 500 1.
1160 448 1326 498 cst.
1369 428 1436 496 8.

345 606 516 661 amne
536 608 634 660 ego
659 595 701 645 is
723 608 857 658 sum,
881 596 970 660 qui
1004 594 1197 660 aliquid
1221 608 1413 644 noran·-

346 673 469 722 dum
495 686 763 734 censeam3
797 673 962 721 solum
985 674 1155 736 prurit
1176 670 1286 721 fere
1309 686 1414 720 ma·

346 762 443 799 nus
477 755 681 799 mutare
721 750 931 799 literam
969 749 1187 813 primam
1218 749 1414 798 voculae

346 827 532 891 primae
556 844 569 887 3
592 833 646 876 ut
676 827 853 876 inviso:
885 841 945 877 ac
967 826 1011 876 si
1046 842 1249 877 causam
1283 826 1418 876 indi·

352 910 461 967 cet,
476 918 569 954 cur
592 912 811 969 utraque
833 905 1006 955 caedes
1024 904 1221 954 odiosa.
1275 904 1416 954 Male

351 979 566 1030 inter'nn
590 980 817 1032 Annibal
840 982 1067 1044 Scottus,
1089 981 1177 1047 qui
1198 980 1418 1031 editioni

351 1068 457 1105 ωε
491 1057 709 1119 invexit,
748 1064 797 1108 et
833 1058 1039 1107 ιἰιυίειοιι
1065 1060 1210 1107 semel
1238 1057 1419 1122 princi-

343 1147 474 1197 pem.
509 1133 788 1184 Gruterus.

417 1208 537 1258 ὅσα
556 1209 820 1273 afferebant
841 1211 1028 1261 venelia
1047 1211 1238 1274 cunda]
1290 1211 1420 1262 Ver-

350 1284 479 1335 bum
500 1285 766 1350 efferebat&
787 1288 913 1353 qnid
935 1288 1034 1338 sibi
1067 1289 1219 1338 vult?
1252 1289 1421 1338 nullus

351 1362 440 1415 hie
470 1363 520 1412 ei
551 1364 720 1416 iocus.
789 1367 910 1415 Non
934 1367 1245 1415 sententiam
1268 1366 1422 1416 modo

353 1434 660 1506 corrumpit,
692 1442 783 1492 scd
826 1450 883 1492 et
928 1457 1215 1493 sermonem
1260 1441 1424 1492 inficit

353 1516 661 1568 sdoeeisino.
706 1519 845 1570 Quin
864 1527 1093 1569 mentem
1109 1533 1211 1569 non
1234 1518 1420 1583 video:

357 1607 459 1645 nec
502 1596 696 1660 ejicere
733 1595 853 1645 dum
897 1596 1084 1660 audeo,
1130 1610 1424 1662 quanquam

351 1672 552 1738 absque
613 1688 677 1724 eo
729 1675 877 1724 iocus
915 1673 981 1723 ab
1022 1675 1257 1729 omnibus
1298 1688 1424 1723 saue

357 1749 596 1814 partibus
617 1752 820 1814 integer
841 1750 1083 1802 videtur:
1120 1751 1342 1801 maxime
1381 1751 1426 1799 si

352 1825 435 1876 ita
483 1827 804 1892 distinguas:
860 1830 977 1879 Jam
1014 1829 1202 1878 venalia
1240 1834 1427 1892 meta,

350 1911 672 1970 prepotentes
685 1907 864 1972 liberti,
876 1922 1118 1957 servorum
1136 1920 1300 1957 manus
1317 1908 1426 1957 sub·

349 1982 444 2033 ilis
466 1987 639 2047 avidoe,
669 1989 750 2048 asc.
784 1985 1074 2036 Acidalius.
1139 1985 1247 2035 Vix
1265 1992 1347 2036 est
1368 1992 1429 2037 ut

352 2060 618 2126 integram
642 2064 773 2113 banc
797 2065 1076 2114 lectionem
1101 2071 1312 2129 putem:
1340 2064 1429 2115 ad-

265 2206 274 2213 *
356 2139 581 2190 scribam
606 2147 778 2190 autem
799 2156 932 2207 earn,
964 2156 1117 2208 quam
1142 2157 1236 2207 pro
1256 2143 1430 2208 legiti-

353 2230 444 2267 ma
463 2219 652 2269 Tacito
687 2220 925 2282 restituo,
967 2226 1027 2268 ut
1057 2232 1123 2269 ex
1162 2219 1428 2288 utriusque

354 2295 641 2345 collatione
664 2297 859 2346 veritas
881 2303 1162 2361 appareat:
1199 2298 1332 2346 Iram
1354 2298 1430 2358 af·

343 2368 576 2430 serebunt
591 2374 776 2422 venalia
795 2380 993 2423 cuncta:
1025 2379 1340 2439 proepotentes
1372 2376 1428 2424 li-

358 2447 515 2498 berii:
562 2462 798 2499 servorum
837 2465 1026 2500 manus.-
1076 2451 1209 2514 haec,
1247 2451 1432 2517 inquit,

361 2527 536 2575 omnia
577 2532 735 2592 atque
775 2528 975 2592 singula
1012 2528 1290 2578 movebant
1327 2528 1433 2577 ani·

359 2617 493 2667 mos,
516 2610 674 2669 atque
698 2605 828 2654 iram
852 2603 1160 2656 afferebant.
1218 2606 1303 2656 Sic
1326 2605 1341 2632 ‘
1356 2604 1432 2655 af·

361 2678 505 2730 ferre
579 2681 881 2745 consilium,'
960 2683 977 2712 ⁴
1015 2682 1434 2745 cunctationem,’

363 2758 617 2820 ‘curani,’
669 2758 684 2785 ‘
703 2757 1062 2807 formidinem'
1117 2759 1238 2808 aiibi
1284 2758 1435 2810 dixit.

366 2835 589 2886 Freinsh.

457 2914 725 2977 Eaqunoe
762 2928 894 2964 novoe
932 2916 1076 2981 aalae]
1164 2914 1438 2965 Sententia

359 2988 506 3057 (nam
545 2992 676 3041 alios
709 2992 976 3042 involvere
1025 2991 1220 3058 video),
1254 2992 1439 3043 eadem

364 3068 507 3118 mala
549 3082 696 3118 novae
743 3069 874 3118 auioe
939 3068 1212 3119 Galbianae
1257 3068 1439 3131 fuisse,

366 3159 485 3210 quae
507 3146 723 3208 veteris,
744 3146 798 3195 id
830 3154 930 3209 est,
965 3147 1309 3197 Neronianae:
1347 3147 1441 3197 sed

367 3234 476 3271 nou
499 3236 647 3286 aeque
681 3231 949 3273 excusata.
1014 3225 1154 3278 Quid
1180 3225 1289 3275 ita?
1323 3226 1443 3291 quia

367 3298 518 3350 Nero
536 3306 655 3349 ortu
678 3305 734 3349 et
752 3302 1011 3350 natalibus
1033 3301 1308 3366 Princeps,
1324 3303 1444 3367 quia

358 3375 592 3441 JuveniS,
614 3377 736 3442 quia
758 3377 809 3426 in
835 3378 1039 3444 piebem
1062 3379 1443 3443 etiam0gratio·

367 3464 479 3502 ‘sum
548 3452 736 3517 Itaque
766 3454 1058 3517 plusculum
1083 3455 1131 3504 ei
1169 3455 1328 3504 licere
1360 3469 1446 3503 vo·

371 3529 577 3588 lebant,
624 3537 680 3580 et
721 3531 1075 3594 ignoscebant.
1142 3532 1266 3581 Non
1291 3531 1445 3582 sicin

374 3606 569 3670 Galba,
589 3607 678 3671 qui
693 3607 932 3668 electus:
966 3608 1053 3672 qui
1087 3623 1265 3672 senex,
1302 3608 1445 3657 ideo-

367 3695 476 3751 que
515 3684 746 3747 prudens
790 3698 904 3733 esse
939 3685 1194 3748 debebat3
1230 3687 1317 3750 qui
1355 3686 1444 3736 de·

370 3760 531 3825 nique
555 3775 761 3825 parcus,
798 3762 987 3823 tristis,
1027 3768 1083 3812 ct
1120 3774 1217 3827 per
1238 3763 1446 3813 omnino

369 3836 555 3903 paucis
579 3844 773 3901 gratus.
806 3837 1014 3901 Lipsius.

388 3926 402 3939 ·
441 3914 718 3978 Eademque
746 3930 879 3964 novoe
898 3917 1022 3965 aulae
1045 3915 1196 3979 mala]
1261 3915 1348 3966 An
1371 3916 1447 3965 in-

373 3991 594 4055 telligit,
618 3992 781 4042 fuisse
807 3999 931 4043 tunc
952 3993 1137 4043 eadem
1157 3995 1310 4058 mala,
1331 4010 1448 4059 quae

372 4069 431 4119 in
472 4084 609 4119 nova
631 4072 751 4120 aula
774 4072 979 4120 solent?
1047 4074 1235 4121 Verior
1270 4087 1448 4122 sensus

373 4146 608 4212 videtur,
640 4148 691 4197 in
731 4163 865 4198 nova
887 4148 1073 4199 Galboe
1098 4150 1232 4214 aula,
1267 4151 1449 4199 eadem

373 4224 516 4273 mala
548 4223 729 4290 fuisse,
751 4240 867 4291 quae
903 4227 956 4275 in
989 4226 1319 4277 Neroniana:
1358 4227 1451 4276 sed

375 4310 484 4350 nen
507 4312 656 4371 aeque
682 4310 948 4363 excusata,
970 4317 1157 4368 nempe
1178 4303 1245 4353 ob
1264 4304 1454 4368 princi-

375 4374 462 4445 pis
483 4379 700 4447 senium,
737 4388 794 4432 et
824 4381 1243 4448 intempestivam
1265 4379 1452 4433 severi-

2376 396 2550 501 uin

1485 599 1671 659 tatem.
1737 596 1937 645 Contra
1959 594 2053 644 sub
2075 594 2304 658 Nerone,
2336 595 2555 660 populus

1488 671 1706 720 assiduis
1732 672 2078 736 voluptatibus
2109 673 2276 734 laetus,
2297 672 2424 722 vitia
2440 673 2553 737 ejus

1490 748 1791 798 excusabat.
1831 749 2060 799 Piclrem.
2129 751 2274 799 Bene
2313 748 2426 800 haec
2464 764 2555 799 ex-

1491 825 1752 890 plicantur
1773 841 1803 876 a
1825 826 2076 889 Piehena‚
2111 828 2261 891 cujus
2283 832 2456 876 tamen
2478 826 2556 875 in⁴

1494 902 1924 966 terpretationem
1947 903 2257 968 rejectitiam
2292 901 2558 951 habuerim

1494 993 1592 1043 ego
1627 995 1722 1044 pro
1761 980 1981 1042 eximia;
2016 980 2082 1030 ob
2121 979 2444 1039 vocabulum,
2478 993 2561 1028 ou-

1492 1057 1617 1106 dem.
1650 1056 1928 1107 Gruterus.

1561 1135 1697 1184 Cn.
1722 1138 1768 1185 8.
1805 1135 1876 1182 Et
1906 1133 2042 1198 pacis
2071 1133 2256 1184 artibus
2274 1131 2411 1183 bellis
2428 1133 2564 1185 inea-

1489 1194 1680 1277 fiertus]
1746 1212 2093 1274 Corn-eximus,
2137 1216 2181 1260 et
2207 1212 2343 1274 pacis
2362 1210 2562 1274 ortibus,

1497 1291 1609 1340 belli
1642 1292 1932 1354 inexpertus.
1980 1289 2216 1352 Expone,
2240 1294 2296 1338 et
2318 1287 2464 1351 pacis
2481 1301 2562 1336 ar·

1499 1367 1658 1430 tibus,
1682 1365 1899 1419 subaudi
1918 1368 2188 1430 expertus,
2206 1364 2332 1413 belli
2362 1363 2563 1413 artibus

1498 1445 1822 1508 inexpertus.
1870 1443 2141 1492 thenom.
2220 1440 2440 1489 Videtur
2476 1440 2565 1489 de-

1500 1534 1611 1571 esse
1632 1535 1736 1570 vox
1770 1522 1943 1583 clarus,
1983 1535 2133 1585 quam
2158 1517 2387 1568 addebat
2410 1516 2566 1568 Faer-

1485 446 2045 499 ms'romARUM.

1500 1612 1614 1663 nus,
1650 1598 1994 1662 legebatque;
2027 1601 2076 1646 et
2100 1597 2234 1661 pacis
2264 1594 2448 1645 artibus
2469 1593 2567 1643 cla·

1496 1690 1598 1738 rus,
1619 1674 1729 1724 belli
1747 1676 2041 1740 ineoepmus,
2059 1677 2139 1738 &a
2169 1674 2410 1727 Ursinus..
2459 1672 2569 1720 De·

1500 1750 1670 1802 fectus
1690 1751 1915 1801 indicem
1932 1751 2189 1801 stellulam
2213 1750 2447 1800 Muretus
2477 1761 2572 1811 ap·

1502 1836 1753 1893 posuerat
1792 1829 1858 1878 iis
1898 1829 2131 1891 vocibus,
2187 1826 2322 1890 pacis
2367 1822 2570 1887 ιιι-ἑῶυ,

1504 1912 1750 1971 tauquam
1789 1905 2030 1955 addenda
2051 1905 2114 1954 iis
2136 1905 2309 1968 aliqua
2330 1916 2432 1951 vox
2454 1914 2571 1951 sen-

1506 1986 1586 2034 sui
1620 1984 1913 2049 explendo:
1946 1983 2084 2049 quod
2124 1987 2318 2043 tamen,
2359 1980 2402 2029 si
2421 1977 2572 2029 Taci-

1506 2068 1618 2112 tum
1640 2061 1859 2126 cogites,
1874 2075 1978 2110 non
1993 2072 2237 2110 necesse:
2257 2056 2396 2121 apud
2418 2066 2573 2121 quem

1505 2154 1611 2189 non
1626 2139 1987 2203 exprimuntur
2006 2139 2172 2187 multa
2183 2135 2327 2199 talia,
2336 2134 2430 2183 sed
2453 2131 2574 2182 sub-

1508 2217 1767 2267 audienda
1803 2217 2132 2267 omittuntur.
2197 2212 2347 2261 Idem
2377 2224 2443 2259 an
2488 2208 2573 2259 hic

1506 2294 1688 2359 fuerit,
1747 2295 1801 2345 in
1844 2293 2002 2344 dubio
2040 2289 2372 2342 nihilominus
2410 2287 2570 2338 etiam

1508 2372 1647 2438 apud
1672 2387 1771 2423 me.
1801 2371 2064 2422 Acidalius.

1593 2452 1837 2502 Proximo:
1881 2455 2041 2500 tamen
2085 2443 2314 2497 Romanis
2355 2439 2577 2492 exerciti·

1509 2530 1615 2593 bus]
1698 2528 2027 2593 scripsimus,
2091 2520 2348 2573 Germanis
2416 2532 2573 2568 exerc.

1508 2607 1808 2656 Rhenanus.

1579 2684 1812 2733 Germani
1843 2680 2079 2732 exercitus
2096 2677 2240 2743 quod]
2304 2675 2417 2726 Nos
2455 2671 2579 2721 Ger-

1510 2762 1688 2812 manici
1707 2760 1964 2812 exercilus.
1999 2759 2295 2810 Rhenanus.

1576 2839 1767 2889 Soliciti
1788 2843 1837 2889 et
1854 2836 1997 2900 irati]
2062 2832 2220 2884 Haud
2253 2839 2450 2882 temere
2472 2840 2581 2875 mu·

1514 2923 1651 2968 tem:
1687 2918 1860 2982 aptior
1895 2922 2072 2966 tamen
2090 2910 2435 2963 membrorum
2457 2917 2582 2955 eon-

1513 3009 1677 3045 nexus
1702 2999 1759 3043 et
1776 2991 2059 3057 responsio,
2081 2990 2125 3038 si
2146 2988 2312 3050 legas,
2345 2980 2518 3034 soliciti
2534 2982 2583 3029 es

1514 3073 1649 3122 elati.
1715 3071 1869 3119 Metu
1906 3081 2094 3132 nempe
2122 3062 2330 3125 soliciti,
2370 3053 2586 3109 victoria

1517 3149 1660 3198 elati.
1692 3148 1828 3211 Lips.

1582 3224 1793 3274 Solliciti
1831 3227 1878 3271 et
1912 3221 2030 3270 irati
2062 3214 2309 3282 superbia]
2373 3209 2585 3275 Lipsius

1520 3304 1771 3353 audacter
1791 3299 1985 3360 soliciti,
2000 3303 2044 3347 el
2066 3296 2198 3346 elati.
2215 3291 2404 3341 Verius
2425 3287 2587 3350 scrip·

1520 3381 1588 3429 sit
1632 3379 1886 3428 Tacitus:
1924 3373 2113 3424 Soliciti
2154 3377 2203 3420 el
2239 3367 2456 3419 ι’τϊὶίιιέὶ.ρ
2512 3365 2585 3414 Et

1522 3463 1694 3507 tamen
1716 3455 1927 3517 vulgata
1948 3451 2104 3501 lectio
2122 3446 2360 3498 fortassis
2384 3441 2587 3494 verissi-

1520 3547 1621 3581 ma.
1675 3532 1818 3580 Suet.
1842 3527 1998 3579 Galb.
2015 3541 2065 3576 c.
2085 3529 2168 3575 16.
2199 3525 2215 3551 ‘
2237 3520 2338 3573 Sed
2363 3518 2586 3569 maxime

1520 3607 1782 3658 fremebat
1803 3603 2082 3670 superioris
2120 3597 2417 3650 Germania:
2440 3608 2588 3644 exer·

1521 3685 1693 3735 citus!
1737 3686 1807 3734 Et
1829 3685 1940 3746 ipse
1960 3680 2132 3730 Tacit.
2150 3675 2286 3726 infra
2308 3673 2408 3724 sibi
2430 3671 2592 3734 scrip-

1521 3769 1695 3812 turam
1711 3760 1973 3810 vindicat:
1996 3758 2012 3787 ‘
2029 3756 2095 3806 In
2118 3752 2422 3804 Britannico
2441 3761 2590 3797 exer·

1522 3840 1631 3890 citu
1653 3838 1778 3887 nihil
1800 3833 2027 3886 iratum.'
2090 3832 2175 3882 Ita
2212 3841 2353 3892 saepe
2388 3838 2590 3875 correc-

1524 3924 1695 3967 torum
1720 3915 1857 3966 oculi
1882 3912 2034 3962 nimis
2069 3907 2261 3974 aperti,
2299 3906 2390 3956 ubi
2424 3902 2591 3952 satius

1524 4003 1640 4044 erat
1664 3991 1925 4042 caecutire.
1965 3989 2173 4039 Color-us.

1588 4071 1758 4120 Etiam
1790 4069 1870 4132 qui
1890 4066 2022 4132 queri
2047 4079 2140 4115 non
2159 4063 2398 4128 poter-mit,
2430 4060 2591 4107 tannen

1522 4144 1924 4209 indignabuntur]
1991 4143 2110 4193 Non
2134 4140 2201 4190 de
2225 4137 2338 4188 aliis
2357 4134 2591 4200 loquitur

1527 4232 1729 4285 auctor,
1753 4238 1906 4288 quam
1925 4221 1990 4271 de
2009 4216 2318 4270 Germanico
2336 4210 2594 4263 exercitu.

1527 4304 1714 4367 Itaque
1777 4301 2024 4362 rescribe,
2081 4293 2270 4347 etiamsi
2311 4291 2445 4358 queri
2497 4302 2601 4341 m

1519 4385 1758 4448 merent.
1848 4379 2164 4445 conjecerat
2223 4373 2302 4423 sic
2362 4376 2417 4420 et
2470 4366 2590 4416 Mu-
