3009 4942
772 429 917 478 ms.
965 431 1016 478 ι.
1058 431 1222 480 car.
1261 417 1376 483 55.
1424 432 1990 487 ms‘romsnmi.

267 570 413 624 Pion
434 570 686 624 inlexerat.

253 649 456 701 ebena.

332 728 463 778 Mox
497 729 808 797 conspertum]
858 731 978 782 Non
1013 732 1141 782 item
1182 732 1339 796 male,

263 809 522 870 comto.
557 806 777 870 Lipsius.

333 881 582 945 Peg-snos]
638 883 830 945 Peg-ani
850 884 935 935 bic
955 900 1059 935 non
1077 887 1339 951 accipiun-

750 574 941 641 ango,
965 579 1217 627 allexa-at.
1252 576 1341 628 Pi-

267 964 356 1008 tnr
376 973 475 1023 pro
499 960 642 1008 villas
680 960 1055 1023 habitantibus,
1098 968 1159 1013 ut
1180 964 1338 1028 vulgo

265 1035 655 1096 ereditnr;·sed
701 1052 797 1102 pro
835 1052 939 1089 non
978 1039 1339 1106 militantibus,

262 1112 395 1163 lieet
432 1114 485 1163 in
521 1114 648 1163 arbe
686 1114 1005 1168 habitarent.
1070 1118 1173 1170 Qui
1198 1119 1337 1168 enim

257 1202 367 1238 non
423 1190 701 1252 militabat,
757 1207 988 1257 paganus
1043 1195 1336 1247 dicebatur.

265 1265 409 1316 Hist.
432 1281 497 1317 11.
529 1269 546 1297 ‘
568 1269 641 1318 Ut
664 1284 786 1332 pars
802 1272 1133 1322 classicorum
1163 1274 1338 1325 mixtis

263 1345 479 1408 paganis
535 1345 587 1394 in
637 1346 797 1396 colles
846 1349 978 1397 mari
1022 1350 1338 1416 propinquos

259 1422 582 1485 exurgeret!
652 1425 722 1473 Et
759 1426 916 1488 paulo
953 1434 1114 1491 post:
1151 1429 1168 1457 ‘
1192 1427 1336 1492 Apta

264 1496 335 1546 ad
382 1499 686 1563 jaciendum
739 1516 1061 1566 paganorum
1115 1504 1335 1569 manus,’

260 1579 364 1627 dec.
396 1577 638 1641 Lupanns.

328 1653 400 1707 Im
440 1655 715 1717 Verginium
739 1655 909 1723 favor]
960 1652 1056 1717 'riis
1098 1657 1340 1720 ἑπιθυμίαέ

260 1733 398 1793 conv
417 1729 707 1796 ἃμαρτόντες
721 1735 796 1784 erl
815 1737 902 1786 τοῦ
915 1735 1206 1802 Οὐεργινίου,
1225 1737 1332 1801 ἐζή-

258 1825 374 1859 τουν
405 1810 554 1870 αὐτὴν
587 1813 665 1875 ἐφ’
698 1810 860 1876 ἑτέρου
896 1813 1023 1866 τινὸς
1056 1815 1335 1881 ἀποπληρῶ-

258 1902 357 1938 σαι.
383 1888 581 1951 Xiphil.
615 1890 712 1941 lioc
753 1898 854 1955 est,
890 1894 1014 1942 Cum
1034 1908 1119 1943 sna
1139 1895 1191 1943 in
1223 1894 1335 1944 Vir-

253 1964 446 2026 mum
481 1982 563 2031 spe
600 1966 900 2034 excidissent,
936 1972 1034 2021 alio
1054 1986 1156 2022 eam
1177 1978 1336 2022 trans·

258 2043 489 2094 ment.
524 2044 759 2097 savinus.

326 2119 615 2184 Cuicumque
653 2123 744 2172 atii
781 2123 1086 2189 profuturus]
1152 2126 1333 2177 Codex

255 2194 535 2256 Budensis,
554 2200 771 2264 cujusque
789 2202 897 2265 alii,
918 2204 1000 2266 5⁶0.
1034 2203 1266 2255 Rhenan.

324 2274 465 2325 cn.
512 2281 593 2327 54.
629 2280 853 2329 Dextras
886 2280 1081 2344 hospitii
1121 2278 1332 2345 insigne]

254 2350 408 2402 Fidei
432 2354 590 2403 etiam
614 2362 668 2404 et
693 2357 856 2419 pacis.
928 2358 1150 2408 Caesaris
1186 2359 1331 2409 locus

256 2435 359 2493 est,
412 2445 565 2496 quem
620 2433 946 2484 correctione
999 2434 1167 2485 libens
1231 2436 1331 2486 lunc

255 2506 528 2569 traxerim,
548 2508 582 2558 l.
598 2520 698 2558 vn.
716 2509 797 2558 De
821 2509 959 2559 bello
977 2510 1117 2561 Gall.
1141 2511 1158 2540 ‘
1177 2511 1331 2561 AEdui

254 2583 351 2632 visi
374 2584 440 2633 ab
478 2584 640 2634 latere
664 2585 851 2635 nostris
874 2593 1087 2651 aperto:
1122 2587 1158 2637 ii
1194 2588 1331 2637 simi·

250 2660 477 2711 litndine
499 2677 755 2712 armorum
774 2663 1108 2715 vehementer
1126 2671 1329 2716 nostros

253 2746 686 2803 perterruerunt:
749 2757 813 2793 ac
862 2745 1073 2794 tametsi
1129 2744 1330 2796 dextris

251 2815 484 2868 humeris
516 2821 710 2869 exertis
745 2820 1326 2886 animadvertebantur3

254 2895 398 2960 qnod
438 2896 638 2960 insigne
680 2898 882 2961 pacatis
903 2912 1020 2948 esse
1044 2913 1326 2950 consueve-

252 2980 363 3037 rat3
395 2980 568 3024 tamen
592 2975 816 3041 idipsum
841 2979 919 3027 sui
943 2976 1159 3029 fallendi
1181 2994 1326 3030 caus-

251 3064 310 3100 sa
332 3050 527 3102 milites
559 3052 626 3102 ab
649 3053 885 3104 hostibus
926 3053 1125 3105 factum
1149 3058 1326 3107 existi-

250 3129 504 3180 mabant!
570 3131 652 3181 De
688 3133 936 3196 humeris,
972 3141 1029 3185 et
1068 3136 1325 3200 quomodo

251 3207 402 3257 exeri
445 3207 483 3257 ii
522 3210 811 3272 potuerint,
855 3226 954 3261 nec
993 3212 1165 3276 capio,
1223 3229 1323 3264 nec

250 3284 377 3350 legi.
448 3286 718 3338 Glossema
763 3288 989 3349 subolet,
1046 3297 1118 3340 eb
1147 3291 1323 3342 insitio

250 3372 353 3412 non
377 3364 571 3427 proba:
596 3365 889 3430 legamque,
909 3367 1098 3416 dextris
1120 3366 1326 3428 exertis,-

249 3453 386 3489 voce
407 3440 702 3491 humerorum
725 3444 919 3507 eiecta,
959 3444 1054 3495 nisi
1084 3446 1126 3494 si
1151 3460 1210 3495 ea
1234 3447 1325 3498 ali-

249 3521 336 3565 ter
375 3516 768 3569 conformanda.
835 3523 1071 3572 Dextras
1117 3522 1324 3588 quidem

248 3597 440 3658 attolli,
470 3597 628 3646 etiam
653 3613 790 3648 nunc
833 3600 976 3662 pacis
1000 3615 1060 3650 ac
1087 3602 1211 3651 socii
1237 3600 1327 3651 ad-

249 3679 440 3722 ventus
459 3674 663 3738 signum
690 3676 926 3726 habetur.
961 3677 1173 3742 Lipsius.

257 3754 266 3760 '
312 3747 467 3799 Am).
537 3751 597 3800 In
643 3752 863 3802 Caesaris
926 3755 1040 3804 loco
1095 3755 1326 3805 libenter

247 3830 390 3881 nnnc
438 3828 672 3890 legerim,
712 3831 902 3878 dextris
943 3833 1088 3881 nadis
1130 3832 1323 3882 exertis.

249 3901 427 3953 Livius
449 3902 636 3954 suadet
659 3906 747 3954 lib.
771 3918 976 3956 xxvm.
1012 3908 1101 3970 qui
1142 3908 1323 3957 scribit

245 3979 507 4043 opidanos
523 3981 768 4046 quosdam
789 3982 1109 4032 deditionem
1130 3992 1183 4032 et
1201 3985 1324 4032 ami·

246 4056 428 4107 citiam
470 4056 841 4121 significantes,
866 4073 1126 4121 egressos:
1161 4065 1176 4089 ⁴
1203 4060 1324 4109 dex-

247 4138 357 4185 tras
378 4134 548 4183 nudas
569 4136 929 4186 ostentantes!
993 4136 1322 4187 Lacedaemo-

246 4210 320 4261 nii
341 4214 506 4263 etiam
547 4213 682 4275 apud
724 4214 1089 4279 Thucydidem
1131 4216 1219 4264 lib.
1246 4230 1321 4265 lv.

243 4288 591 4341 circumventi
637 4291 700 4340 ab
755 4291 1185 4355 Atheniensibus,
1237 4291 1326 4342 τὰς

230 4367 410 4433 ”xespns
429 4364 700 4436 ὰνὼεισαν,
718 4383 886 4419 manns
899 4368 1196 4435 quatiebant,
1218 4370 1326 4435 sig·

2313 406 2495 496 sisa

2155 584 2218 634 In
2236 579 2488 640 Frontino

1416 656 1626 721 quidem
1662 658 1798 723 lego,
1831 658 2068 710 humeros
2091 662 2246 712 etiam
2283 665 2429 715 exeri
2452 660 2493 716 a*

1413 733 1686 797 militibus,
1722 734 1814 783 sed
1839 737 1989 799 longe
2012 738 2114 786 alio
2138 753 2286 788 sensu
2311 757 2324 790 ε
2360 741 2395 792 l.
2417 730 2491 793 ιιζ

1411 809 1645 876 Strateg.
1686 825 1732 862 c.
1757 816 1806 864 1.
1836 813 1853 841 ‘
1880 810 2010 863 Cum
2044 815 2374 866 Sertorianos
2396 818 2493 869 mis

1412 885 1530 937 lites
1573 886 2027 941 animadvertisset
2065 908 2253 957 magno
2285 895 2495 959 impetu'

1412 963 1710 1027 instinctos,
1745 964 2087 1031 deposcentes
2122 985 2364 1035 pugnam,
2395 971 2491 1021 lin-⁶

1412 1055 1685 1107 merosque
1703 1051 2010 1096 exercentes
2033 1046 2196 1112 (lego,
2216 1045 2489 1114 exerentes)

1412 1126 1469 1169 et
1509 1119 1716 1170 lanceas
1762 1121 2064 1173 vibrantes!
2153 1123 2342 1190 Itaque
2384 1122 2488 1176 hoc·

1412 1196 1574 1259 magis
1606 1197 1659 1246 in
1691 1199 1986 1251 Caesariana
2006 1201 2334 1269 correctione
2366 1217 2483 1253 nos·

1413 1279 1494 1323 tra
1514 1271 1794 1325 firmamur.
1829 1276 1979 1326 Idem.
2478 1284 2489 1296 ⁰

1476 1351 1654 1400 Pronis
1667 1352 1870 1402 militans
1889 1351 2085 1403 aur-ibus
2104 1352 2491 1421 accipiebantur]

1410 1427 1602 1491 Vulgo,
1622 1429 1828 1478 militum
1844 1428 2030 1480 animis.
2069 1429 2175 1480 Sed
2200 1429 2393 1480 rectius
2410 1443 2485 1480 ex

1410 1503 1550 1554 Flor.
1589 1505 1800 1568 antibus,
1843 1513 2059 1596 propter
2082 1507 2243 1558 verba
2264 1520 2483 1575 sequen·

1410 1581 1502 1644 tia,
1524 1583 1834 1633 accendebant
1854 1583 2052 1635 animos.
2088 1584 2339 1635 Pichena.

1472 1658 1548 1709 Ac
1567 1659 1665 1710 nisi
1682 1659 1775 1724 ipsi
1793 1660 2104 1725 consulerent]
2150 1661 2481 1726 scripsimus‚‘

1406 1750 1463 1785 ac
1482 1738 1536 1786 ni
1555 1736 1649 1786 sibi
1670 1740 1978 1789 consulerent.
2012 1738 2252 1788 Rhenan.

1474 1815 1575 1864 Per
1595 1816 1812 1866 tenebras
1850 1821 1897 1866 et
1941 1815 2182 1865 inscitiam
2202 1820 2479 1866 caeterornnt

1406 1891 1753 1957 occiderentur]
1799 1892 1863 1942 In
1887 1893 2005 1942 cod.
2046 1892 2297 1956 Budensi,
2335 1896 2385 1943 et
2406 1892 2483 1942 in-

1405 1971 1624 2020 scientia.
1694 1971 1955 2037 Legerim,
1983 1986 2075 2036 per
2102 1971 2320 2023 tenebras
2339 1977 2387 2023 et
2409 1974 2485 2023 in-

1404 2050 1547 2100 scitia
1567 2055 1671 2100 coet.
1694 2051 1777 2113 isc.
1811 2050 1981 2101 Idem.

1472 2129 1610 2178 CAP.
1639 2130 1721 2177 55.
1766 2126 2018 2189 Inferioris
2054 2128 2167 2178 inde
2207 2124 2484 2179 Germanice

1405 2205 1635 2270 legiones]
1671 2203 1801 2268 Nos,
1839 2203 2098 2266 Inferioris
2130 2210 2289 2254 tamen
2313 2204 2481 2302 Germ.

1405 2282 1497 2344 leg.
1534 2282 1703 2332 Idem.

1474 2359 1630 2408 Insita
1642 2358 1920 2410 mortalibus
1931 2364 2104 2409 natura
2118 2356 2341 2423 propere]
2362 2352 2485 2408 Me·

1406 2433 1523 2497 lius,
1561 2435 1723 2486 insito.
1789 2436 1912 2486 Vidi
1931 2437 2019 2501 qui
2056 2436 2328 2502 sequentia
2361 2450 2492 2499 per·-

1407 2518 1659 2576 verteret,
1687 2528 1781 2563 non
1802 2518 1904 2562 tant
1920 2527 2135 2578 propere.
2203 2512 2340 2562 Vere
2362 2514 2481 2577 per-2

1406 2597 1661 2641 verteret.
1728 2591 1866 2641 Nam
1901 2591 2069 2641 Taciti
2094 2604 2295 2654 gnome,
2335 2598 2479 2639 arca:

1406 2681 1509 2731 nae,
1548 2671 1607 2717 nt
1644 2667 1795 2731 solet,
1833 2667 2072 2717 veritatis
2093 2674 2207 2718 est:
2238 2673 2293 2716 et
2324 2667 2476 2731 plebs

1403 2745 1481 2795 ita
1501 2745 1665 2809 facta,
1687 2754 1745 2795 nt
1768 2745 1922 2795 rebus
1948 2746 2120 2795 arduis
2146 2759 2298 2795 nemo
2321 2742 2479 2795 facile

1405 2821 1593 2873 ducem
1633 2837 1689 2872 se
1729 2822 1977 2887 praebeat,
2013 2822 2256 2872 comitem
2294 2820 2479 2886 quivis.

1405 2900 1560 2949 Facit
1582 2901 1682 2949 huc
1717 2900 1841 2949 illud
1869 2900 2011 2950 Hist.
2045 2913 2131 2949 111.
2157 2903 2256 2951 διο.
2279 2897 2309 2928 ⁴*
2341 2898 2476 2963 Lips.

1468 2978 1582 3027 Duo
1604 2983 1651 3026 et
1672 2978 1917 3044 vicesinsa]
1949 2977 2282 3028 Covarruviae
2315 2976 2479 3042 scrip·

1403 3060 1487 3104 tus
1533 3055 1722 3117 eodeni,
1773 3056 1850 3104 ita
1893 3055 2099 3119 passim.
2168 3054 2478 3107 Probamus.

1400 3131 1557 3196 Saepe
1602 3139 1830 3183 erratum
1877 3132 2037 3182 etiam
2077 3130 2229 3183 infra.
2306 3130 2476 3181 Recte

1402 3215 1576 3260 tamen
1621 3211 1932 3275 integreque
1962 3209 2217 3273 scriptum
2261 3206 2356 3257 lib.
2388 3212 2481 3257 ιιιξ

1399 3288 1416 3314 ‘
1440 3287 1895 3337 sextadecimanos
1954 3285 2478 3335 duoetvicesimanos-

1402 3378 1504 3429 qne
1542 3364 1730 3413 laevum
1766 3378 1927 3413 cornu
1967 3361 2293 3426 complesse.'
2361 3361 2474 3411 Nos

1402 3440 1528 3489 alibi
1552 3440 1606 3487 in
1631 3445 1783 3489 textu
1804 3439 2147 3504 reposuimus.
2185 3440 2332 3489 Idem.
2466 3444 2474 3453 '

1465 3518 1762 3581 Dirumpunt
1792 3517 2050 3581 imagines]
2101 3517 2183 3567 An
2210 3516 2381 3589 verius
2403 3515 2478 3566 di·

1398 3593 1586 3647 rmmt?
1620 3611 1684 3646 an
1709 3593 1992 3660 deripiunt?
2044 3604 2104 3645 ut
2138 3610 2315 3660 supra,
2347 3595 2363 3622 ‘
2385 3594 2475 3644 de:

1400 3681 1603 3737 reptam
1628 3673 1813 3723 Galbae
1834 3673 2109 3737 imaginem
2130 3673 2238 3722 solo
2259 3670 2475 3722 afflixit?

1401 3753 1471 3800 Et
1493 3751 1561 3800 de
1584 3752 1680 3800 hac
1703 3752 1815 3817 ipsa
1854 3765 1912 3799 re
1938 3752 2092 3814 paulo
2118 3757 2266 3814 post:
2303 3750 2320 3776 ‘
2341 3749 2475 3798 Pro·

1390 3828 1557 3891 jectis
1596 3826 1780 3877 Galbae
1817 3825 2164 3892 imaginibus.'
2232 3824 2346 3875 Lib.
2380 3839 2472 3875 111.

1400 3905 1643 3954 ‘Vitellii
1689 3904 1938 3965 imagines
1978 3902 2234 3966 direptae!
2285 3901 2475 3953 Acidula

1415 592 1535 629 num
1559 580 1704 645 pacis
1728 587 1781 631 et
1804 581 2106 634 deditionis.

1401 3982 1559 4031 Forte
1584 3983 1785 4037 melius.
1820 3983 2083 4045 deripiunt.
2137 3980 2308 4042 Supra
2330 3981 2470 4028 ι.41.

1399 4058 1732 4123 ‘Deceptam
1791 4058 1979 4107 Galbae
2037 4057 2311 4121 imaginem
2364 4055 2473 4105 solo

1401 4134 1624 4185 afflixit!
1659 4135 1950 4184 Freinshem.

1470 4215 1746 4262 Cantanter.
1830 4213 1951 4260 Mox
1967 4225 2201 4274 consensu,
2222 4211 2305 4276 ac]
2356 4207 2473 4259 Me

1399 4292 1499 4340 lius
1537 4291 1801 4353 distingui.
1891 4291 2172 4355 Contanter,
2213 4303 2328 4341 mox
2364 4302 2475 4340 con·

1398 4380 1555 4419 sensu.
1619 4367 1696 4419 Ac
1712 4381 1772 4418 ne
1789 4382 1838 4419 r.
1868 4367 2093 4433 Lipsius.
