3009 4942
506 421 688 491 4098

510 586 569 631 et
589 581 725 632 male
749 579 835 631 alii
856 585 1081 645 veteres,
1101 597 1187 646 pro
1208 582 1431 646 simplici.
1487 581 1576 631 Sic

506 659 664 723 poulo
683 657 913 722 inferius,
951 660 967 688 ‘
994 673 1327 724 perseverum
1369 659 1576 724 imperi-

508 735 635 787 um.'
692 737 918 787 Piehenu.

557 854 564 861 .
601 815 737 867 CAP.
771 820 853 865 48.
889 816 1038 866 Silius
1070 813 1253 876 Nerva]
1292 815 1367 864 'E
1403 814 1575 864 Fastis

510 895 566 941 et
586 890 864 955 lapidibus,
903 892 1101 942 Silanus
1123 893 1299 941 Nerva.
1351 892 1574 955 Lipsius.

521 1007 530 1017 ,
561 966 710 1018 CAP.
734 972 814 1017 49.
869 967 1093 1016 Subrium
1134 966 1375 1030 Flarium]
1417 967 1576 1017 Dioni

506 1042 719 1105 dicitur,
775 1042 972 1101 Σούβιος
1006 1042 1213 1100 Φλάβιος
1232 1059 1258 1095 ‚z
1291 1052 1345 1093 et
1379 1044 1576 1107 statim,

506 1120 785 1172 Σουλπίκιος
809 1122 1002 1186 Ἀπρος,
1033 1122 1122 1186 qui
1155 1127 1333 1170 nostro
1354 1127 1453 1183 est,
1479 1123 1575 1169 As·

500 1197 607 1261 per.
660 1199 891 1263 Lipsius.

536 1282 543 1287 '
571 1276 979 1340 Prohibueratque
999 1282 1252 1338 ostentare,
1288 1290 1436 1325 vanus
1454 1276 1573 1324 assi-

503 1353 781 1416 mulatione]
805 1354 1188 1419 Quinquennali
1211 1353 1430 1414 ludicro,
1454 1367 1572 1402 cum

506 1428 777 1494 Orpheum
797 1433 1034 1481 Lucanus
1052 1431 1340 1493 recitasset,
1360 1443 1573 1479 corona-

502 1511 588 1556 tus
627 1514 806 1559 contra
827 1508 1091 1557 Neronem
1115 1512 1231 1567 est;
1277 1505 1411 1571 quod
1434 1520 1573 1569 aegrc

501 1583 626 1632 tulit
659 1584 977 1636 eitharoedus
1000 1583 1273 1646 Princeps.
1328 1583 1528 1632 Statius
1557 1598 1570 1630 ι

501 1659 519 1688 ⁴
543 1658 787 1723 Ingratus
852 1661 998 1709 Nero
1049 1658 1289 1708 dulcibus
1340 1658 1572 1721 theatris,

500 1733 576 1784 Et
618 1742 798 1784 noster
839 1733 1269 1798 tibipraeferatur
1294 1734 1577 1798 Orpheus),

435 1861 441 1868 ,
499 1809 608 1860 Sed
626 1811 747 1874 qnid
767 1811 862 1860 sibi
883 1812 993 1860 vult
1015 1811 1118 1874 hic,
1148 1812 1307 1861 Vanus
1328 1811 1571 1860 animm-

500 1887 631 1936 tione
648 1884 674 1936 :2
723 1888 808 1936 An
834 1888 971 1952 quod
990 1888 1152 1950 Nero,
1173 1891 1272 1936 &c.
1291 1886 1319 1916 ⁴*
1362 1888 1568 1952 Lipsius.

576 1964 736 2014 Vanus
778 1964 1148 2030 assimulatione]
1196 1965 1375 2014 Vauns
1417 1964 1470 2013 in
1503 1979 1569 2014 eo

499 2041 639 2105 quod
663 2041 1047 2092 similitudinem
1068 2041 1171 2091 suis
1192 2055 1301 2091 esse
1320 2041 1570 2092 credebat

497 2117 802 2182 Lucanique
824 2117 1168 2168 carminibus.
1211 2117 1264 2166 id
1306 2118 1442 2166 enim
1486 2124 1569 2168 est

497 2191 807 2262 &mulatio-
872 2193 1020 2243 Idem
1074 2208 1271 2257 supi-:a
1330 2194 1568 2243 ‘Praete-

496 2269 603 2320 rita
646 2256 786 2320 mala
820 2270 1040 2320 vetustis
1084 2269 1319 2320 cladibus
1354 2270 1566 2319 assimu-

496 2345 727 2399 lentem!
764 2347 1047 2398 Ferrettus.
1074 2346 1367 2396 Videndum
1388 2361 1451 2396 an
1476 2361 1569 2411 po·

497 2423 603 2473 tius
647 2425 717 2474 sit
756 2425 1049 2489 legendum,
1080 2438 1211 2478 ‚vana
1248 2425 1565 2474 aemulatione.

431 2531 439 2538 ·
496 2499 735 2553 Ursinus.
755 2503 1057 2566 Legendum
1082 2502 1201 2555 olim
1224 2501 1445 2566 conjeci,
1472 2503 1568 2551 Va·

494 2577 692 2629 sissima
711 2581 1008 2630 emulatione
1029 2596 1045 2627 .·
1084 2578 1410 2642 postea·vidi
1444 2579 1562 2642 Lip-

496 2655 627 2707 sium
665 2658 849 2707 eodem
883 2658 1149 2708 inclinare.
1216 2658 1563 2722 Nam·le‘git:

494 2747 643 2782 vanus
662 2734 974 2783 ‘emulatione
1025 2733 1260 2782 Freinsh.
1301 2755 1307 2759 ·
1404 2751 1412 2758 ·

507 2840 516 2847 -
567 2810 883 2866 Quinctianus
916 2811 1047 2859 molli
1082 2808 1296 2873 corpore]
1320 2847 1325 2853 .
1352 2810 1564 2862 Fames.

494 2887 694 2935 mollitie
733 2887 976 2948 emm-is.-
1022 2885 1107 2935 Ita
1160 2886 1357 2935 Latinis
1403 2887 1565 2951 dicta,

495 2962 529 3022 ἦ
545 2965 711 3023 θηλεῒα
725 2962 880 3013 νόσος.
916 2963 1167 3013 ovidius:
1194 2964 1209 2991 ‘
1232 2964 1408 3013 Mollis
1428 2972 1566 3027 erat,·

493 3040 769 3108 facilisque
790 3042 914 3094 viris
935 3041 1408 3098 Paeantius·heros.'
1442 3045 1562 3109 Lip-

494 3134 613 3172 stus.

499 3223 510 3230 —
563 3194 854 3252 Quintianus
884 3195 1084 3244 mollitia
1118 3196 1323 3260 eorporis
1341 3196 1559 3262 infamis]

493 3271 583 3321 Ita
624 3273 766 3323 Flor.
815 3273 1006 3337 Vulgo,
1036 3272 1166 3322 molli
1204 3288 1412 3337 corpore.
1468 3275 1558 3325 Pi·

493 3349 677 3401 chena.

558 3427 693 3478 CAR.
753 3431 835 3477 5⁰.
884 3426 1040 3490 Super
1093 3426 1342 3490 Subrium]

490 3501 615 3562 mei,
633 3516 721 3563 per
738 3501 983 3550 Subrium.
1042 3501 1262 3564 Lipsius.

559 3576 662 3626 Aut
678 3592 782 3624 cum
801 3578 997 3626 ardente
1019 3577 1153 3625 domo
1165 3591 1251 3640 per
1265 3581 1443 3626 noctem
1464 3578 1555 3626 buc

486 3650 601 3701 illue
622 3651 854 3714 cursaret]
894 3652 1135 3701 Muretus
1172 3653 1443 3703 mutabat:
1466 3659 1556 3703 aut

490 3740 594 3776 eum
618 3732 758 3776 ‹lu‘rffl
790 3741 814 3776 e
850 3730 979 3776 domo
996 3743 1084 3791 per
1116 3732 1239 3777 noct.
1300 3729 1442 3778 Nihil
1465 3745 1552 3778 ne·

494 3820 634 3852 cesse
666 3824 674 3852 :
718 3804 1171 3852 Ardentemdomum
1192 3808 1340 3868 cape,
1353 3807 1553 3857 crebris

498 3880 766 3928 [numinibus
802 3888 856 3928 et
895 3877 1096 3930 facibus
1128 3881 1401 3945 illustrem,
1431 3899 1549 3933 cum

494 3968 770 4004 nummulus
794 3970 971 4006 menas
987 3957 1122 4005 domi
1146 3958 1324 4008 iniret.
1358 3959 1548 4011 Acidal.

558 4036 690 4084 Cas--
718 4040 798 4080 M.
838 4033 1035 4085 Interim
1066 4034 1363 4084 cantantibus
1396 4038 1551 4098 prola·

490 4112 790 4172 flantibusque
814 4121 937 4172 spem
966 4123 1023 4157 ac
1056 4110 1254 4174 metum]
1322 4112 1548 4162 Omnino

490 4188 762 4248 lugendum
782 4199 862 4248 spe
878 4200 935 4234 ac
959 4190 1085 4235 metu
1100 4203 1117 4236 .-
1149 4189 1403 4250 quomodo
1425 4189 1548 4252 Lip-

490 4260 590 4312 sius
618 4276 710 4308 uun
738 4262 867 4310 :nale
904 4261 979 4310 ait
1013 4261 1115 4325 legi
1138 4259 1306 4326 posse‘.
1340 4264 1547 4314 Antiu-

482 4336 706 4388 aeremia
730 4337 1029 4400 praepositio
1052 4339 1196 4403 inter,
1232 4355 1348 4404 quae
1374 4341 1546 4404 perire

486 4428 550 4464 eu
594 4412 862 4472 ucuusiuue
920 4414 1114 4481 potuit,
1172 4415 1296 4483 quia
1350 4415 1547 4474 interim

1411 3427 1556 3477 Libri

510 4653 675 4740 h„

1204 437 1423 488 1⁵10?AE
1470 437 1878 519 vAploRUM
1930 437 2011 488 m

1652 589 2008 646 praecesserat.
2075 583 2202 647 Leg.
2277 580 2476 632 Interim
2525 586 2714 631 ema-

1652 660 1782 710 tibus
1818 661 2251 725 prolatantibusque
2307 675 2435 724 spem
2491 659 2622 709 inter
2661 660 2716 707 ω’

1650 739 1838 787 metum.
1874 737 2164 809 Acidalius.
2711 773 2718 781 .

1662 813 1861 878 Spem
1891 829 1948 863 ac
1976 813 2175 877 ructum]
2244 813 2359 863 Nec
2379 813 2540 876 male,
2559 826 2715 876 speae

1651 896 1797 940 metu.
1859 891 2085 954 Lipsius.
2178 916 2183 926 ·

1664 968 1933 1025 Quonam
1981 970 2114 1018 modo
2164 933 2432 1030 sciscitcita]
2509 966 2721 1030 lagena

1649 1000 1770 1094 dum
1791 1046 2038 1095 suscitata.
2107 1045 2430 1095 Vetti-anius.

1662 1124 1850 1185 Ergo
1875 1123 1916 1171 F
1914 1123 2124 1186 pwharu
2132 1123 2275 1186 plura
2292 1126 2337 1170 et
2357 1118 2539 1183 omnia]
2563 1119 2717 1170 Men

1650 1199 1771 1248 dum
1816 1198 1899 1248 hic
1933 1213 2048 1248 esse
2090 1197 2348 1257 arbitror3
2398 1195 2492 1244 sed
2518 1207 2714 1244 ‘sensus

1648 1274 1873 1325 fortasse
1917 1276 2035 1325 talis
2079 1281 2194 1325 est:
2249 1232 2521 1338 Epicharis
2565 1272 2715 1336 plura

1649 1353 1847 1411 scelera
1890 1353 2108 1415 orditur,
2150 1357 2208 1402 et
2264 1350 2434 1415 omnia
2459 1388 2466 1393 .
2489 1347 2639 1399 facta
2681 1349 2718 1398 α’

1649 1429 1919 1493 principe:
1955 1436 2013 1478 ut
2051 1430 2138 1491 sit,
2179 1430 2331 1493 plura
2354 1427 2560 1476 scelera
2582 1426 2714 1476 ordi-

1650 1514 1754 1569 tur,
1775 1508 1832 1557 'et
1854 1508 2023 1558 omnia
2048 1508 2312 1572 principis.
2372 1507 2388 1534 ‘
2428 1507 2616 1570 Neque
2638 1521 2710 1556 se-

1648 1585 1793 1634 natui
1835 1586 1975 1650 quod
2004 1585 2171 1633 inane
2215 1591 2352 1633 esset
2407 1583 2672 1645 provisum
2695 1598 2716 1630 ε.

1648 1660 1739 1710 sed
1765 1662 2043 1725 provisum,
2077 1675 2297 1725 quonam
2321 1658 2475 1708 modo
2501 1657 2714 1721 poenas,’-

1646 1741 1744 1787 &c.
1780 1739 1932 1801 vulgo
1968 1737 2104 1786 enim
2138 1736 2467 1786 ita'codi‘ces
2502 1733 2711 1797 habeut,

1649 1815 1814 1878 Neque
1832 1815 2017 1863 senatui
2038 1816 2160 1878 quod
2188 1815 2327 1863 inane
2349 1818 2483 1874 esset,
2503 1814 2589 1861 sed
2603 1827 2711 1875 pro·

1645 1890 1812 1939 visum.
1879 1893 2018 1954 Ergo
2073 1892 2195 1940 cnm'
2247 1889 2535 1939 certissima
2590 1888 2707 1950 sint,

1645 1981 1760 2032 quae
1800 1974 2054 2031 parentur
2098 1982 2130 2016 a
2175 1972 2360 2015 senatu
2403 1965 2454 2012 in
2495 1965 2707 2014 exitium

1643 2043 1913 2108 principis,
1966 2043 2340 2107 accingeretur
2378 2040 2555 2103 modo,
2607 2046 2706 2090 &m

1649 2120 1911 2171 Ferrettus.
1945 2120 2009 2170 Id
2047 2127 2148 2180 est,
2193 2119 2487 2182 Complura
2511 2132 2576 2166 ex
2599 2132 2708 2167 sce-

1640 2197 1837 2261 leribus
1875 2196 2147 2263 principis,
2179 2196 2273 2246 sed
2309 2201 2366 2243 et
2390 2194 2562 2244 omnia
2583 2193 2705 2257 Epi-

1641 2274 1811 2325 charis
1861 2274 2047 2338 incipit
2097 2271 2328 2337 pandere
2378 2276 2435 2320 et
2480 2270 2706 2334 aperire.

1642 2351 1796 2403 Quod
1839 2366 1995 2416 pono,
2033 2365 2097 2399 ne
2137 2348 2259 2415 quid
2293 2363 2412 2398 cum
2453 2347 2572 2396 aliis
2612 2346 2705 2397 hoc

1639 2430 1756 2479 loco
1781 2429 1966 2479 deesse
1990 2435 2161 2493 putes.
2236 2426 2537 2477 Vertranius.
2574 2426 2709 2475 Reor

1643 2508 1763 2571 tias,
1795 2507 1851 2557 ni
1884 2505 2057 2566 fallor,
2082 2503 2314 2567 distinxi,
2331 2505 2508 2566 plura.-
2540 2507 2704 2550 domi

1614 2585 1721 2633 'nia
1763 2585 1954 2634 scelera.
2019 2581 2150 2631 Cum
2195 2587 2350 2629 antea
2388 2577 2703 2640 conjunctim

1638 2662 1918 2725 legeretur,
1939 2661 2102 2723 plura,
2117 2657 2333 2707 etomnia
2350 2657 2544 2705 scelera.
2578 2655 2705 2704 Sen-

1563 2770 1566 2775 -
1638 2753 1722 2788 sus
1741 2744 1853 2788 est:
1887 2730 2338 2787 Teutavit‘callide
2361 2733 2549 2782 mulier
2575 2735 2702 2783 Pro·

1637 2816 1742 2865 culi
1766 2815 2009 2875 animum,
2046 2826 2266 2877 eumque
2305 2811 2441 2860 haud
2476 2810 2703 2860 alienum

1637 2906 1668 2940 a
1697 2892 1896 2942 scelere
1934 2890 2208 2954 cognovit:
2259 2903 2384 2952 ergo
2423 2885 2500 2935 illi
2541 2888 2708 2950 plura,

1636 2968 1991 3031 subintellige,
2058 2967 2235 3016 locuta
2301 2971 2400 3025 est,
2462 2963 2703 3026 coujura-

1636 3044 1932 3109 tionemque
1965 3043 2204 3108 aperuit:
2259 3056 2321 3091 ac
2357 3040 2510 3089 simul
2547 3039 2705 3089 omnia

1631 3122 1805 3171 scelera
1832 3120 2071 3184 principis
2089 3131 2376 3167 memorare
2399 3115 2583 3178 coepit,
2601 3128 2701 3179 quo

1633 3197 1808 3261 magis·
1861 3197 2005 3245 illum
2063 3193 2398 3244 accenderet.
2467 3191 2701 3240 Picbena.

1633 3275 1773 3324 Puto
1812 3289 1879 3323 ex
1907 3272 2274 3336 compendiosa
2294 3268 2588 3332 scriptione
2611 3282 2699 3317 na-

1633 3356 1745 3401 tum
1765 3364 2014 3414 errorem,
2050 3355 2109 3398 ut
2140 3347 2295 3396 fuerit
2323 3345 2486 3410 populi
2509 3346 2635 3396 irem
2650 3350 2698 3395 et

1631 3428 1788 3477 omnia
1816 3429 1996 3477 seelera
2035 3422 2292 3486 Principis.
2348 3423 2540 3508 §eque
2560 3421 2696 3471 enim

1629 3503 1763 3552 bene
1785 3508 2064 3552 connectas
2094 3503 2233 3564 plura
2265 3503 2311 3547 et
2335 3497 2510 3546 omnia.
2565 3498 2694 3547 Gro-

1629 3579 1749 3631 tius.
1816 3576 1967 3628 Plura
2010 3583 2058 3628 et
2096 3577 2270 3638 omnia,
2320 3589 2435 3625 meo
2472 3574 2696 3639 judicio,

1629 3669 1734 3705 non
1747 3655 1880 3705 bene
1895 3656 1982 3704 hic
1993 3656 2394 3718 conjunguntur.
2429 3651 2666 3700 Eruenda
2679 3667 2694 3702 ³

1627 3736 1674 3780 et
1697 3733 1959 3782 communia
2000 3734 2175 3780 scelera
2219 3728 2467 3792 Principis
2488 3728 2694 3778 orditur.

1632 3807 1925 3867 Communia,
1967 3812 2085 3855 sunt
2128 3805 2360 3868 publica,
2429 3803 2518 3853 Ita
2540 3803 2692 3853 Taci-

1626 3890 1711 3933 tus
1752 3890 1809 3932 et
1853 3883 2034 3947 optimi
2081 3880 2342 3931 Auctores
2380 3880 2576 3942 passim
2623 3880 2698 3942 lo·-

1625 3965 1870 4024 quantur.
1937 3957 2243 4007 Communia
2276 3955 2535 4020 ejusmodi
2581 3969 2691 4004 see-

1623 4035 1735 4085 lera
1756 4043 1937 4085 erant:
1971 4035 2091 4097 quod
2111 4033 2233 4082 nibil
2253 4036 2463 4081 maneret
2484 4031 2689 4093 senatui,

1621 4125 1780 4160 eversa
1804 4112 1923 4173 Rep.
1950 4111 2146 4159 Contra
2170 4109 2410 4158 Volusius
2430 4109 2686 4159 Proculus

1588 4215 1594 4219 -
1624 4189 1826 4250 privata
1851 4194 2066 4237 'tautum
2106 4187 2304 4237 scelera
2348 4187 2685 4249 produxerat.

1622 4264 1908 4313 Considera
1923 4263 2303 4321 antecedentia.
2340 4264 2665 4314 Boxltoruius.

1684 4341 1850 4404 Neque
1871 4340 2092 4408 Senatui,
2112 4341 2225 4404 quid
2244 4342 2456 4407 manere]
2513 4340 2686 4393 Vatic-

1618 4415 1813 4472 codicis
1837 4418 2153 4484 scripturam
2174 4418 2440 4484 expressit
2462 4432 2566 4485 nec
2583 4415 2682 4468 dis-
