3009 4942
411 356 590 432 3886
1107 379 1329 431 Nom
1360 378 1787 455 samonum
1837 380 1926 430 nr

411 524 556 593 locus
579 523 799 587 videtur,
834 523 876 575 si
907 529 1036 576 motu
1061 539 1153 589 pro
1172 531 1301 576 metu
1323 524 1483 591 legas.

416 601 648 673 123xcusat
669 602 901 652 Tiberius
918 617 1019 652 non
1041 604 1376 667 Majestatem
1396 603 1486 651 im·

416 678 550 742 perii
574 680 790 729 Romani
812 679 1067 741 decuisse,
1087 686 1144 729 nt
1159 679 1485 729 turbantibus

420 768 523 804 una
559 756 788 805 alterave
821 756 1120 807 civitatibus
1152 757 1337 806 omissa
1357 756 1484 805 urbe

417 829 473 882 in
512 830 702 882 bellum
746 832 857 898 ipse
899 833 1030 889 iret:
1090 848 1246 897 nunc,
1279 833 1488 899 quando

421 924 522 959 non
553 916 697 963 motu
731 918 821 960 ant
846 910 1010 965 turbis
1034 924 1096 960 eo
1119 909 1359 973 ducatur,
1388 909 1488 959 itu-

421 1001 535 1037 rnm
558 996 618 1036 ut
656 987 933 1066 praeseutia
964 993 1232 1050 spectaret
1251 993 1325 1037 -et
1357 1001 1492 1039 com-

423 1070 652 1127 pararet.
734 1064 923 1114 Motum
964 1064 1036 1117 sic
1076 1061 1494 1129 frequentissime

422 1140 659 1203 Tacitus2
722 1140 885 1190 Paulo
920 1148 1075 1202 ante:
1112 1141 1129 1168 ⁴
1155 1141 1217 1190 In
1243 1147 1390 1190 tanto
1414 1155 1493 1190 re-

423 1215 539 1275 rum
578 1218 752 1283 motu!
820 1218 883 1270 L.
907 1232 947 1273 ι.
979 1218 995 1246 ⁴
1021 1219 1098 1269 Eo
1139 1218 1193 1267 in
1230 1225 1377 1273 motu
1415 1232 1494 1266 ar-

427 1302 585 1369 guere
610 1296 980 1362 Germanicum
998 1295 1212 1357 omnes!
1254 1295 1340 1346 Sic
1356 1294 1496 1345 idem

426 1378 616 1440 ςῶμα*
642 1389 721 1424 res
749 1373 958 1441 motas!
1012 1372 1275 1427 Acidaliae.
1343 1373 1497 1423 Nunc

429 1458 623 1514 antem,
661 1451 781 1517 quia
826 1451 966 1502 nulla
1004 1450 1255 1502 credendi
1293 1451 1498 1501 occasio

422 1537 585 1591 esset,
610 1528 757 1594 quasi
789 1538 933 1578 metu
970 1536 1026 1579 et
1065 1528 1412 1591 solicitudine,
1433 1541 1501 1576 ne

429 1608 722 1675 respublica
739 1608 1114 1669 detrimentum
1132 1607 1197 1657 ab
1210 1605 1501 1672 hujusmodi

428 1686 664 1737 h'ostibus
688 1685 970 1749 acciperet,
1000 1684 1053 1734 id
1086 1683 1321 1735 facturus
1347 1689 1501 1748 esset,

432 1760 565 1815 velle
589 1778 643 1814 se
665 1761 948 1827 proficisci,
963 1765 1062 1813 ὅτε.
1119 1762 1412 1818 Freinshem.

461 1840 466 1847 ’
497 1840 631 1898 ΟΑΡ.
671 1844 756 1892 48.
811 1839 1236 1896 [Iomonadensium
1274 1838 1510 1905 castellis]

433 1916 569 1970 vide
593 1916 897 1965 Strabonem
922 1916 956 1964 l.
976 1929 1078 1965 xu.
1135 1915 1373 1965 Muretus.

504 1992 750 2055 Coluerat]
786 1991 1039 2042 Omnibus
1059 1986 1241 2041 officiis
1266 2004 1510 2056 prosecu-

437 2077 520 2125 tus
543 2068 734 2120 fuerat.
785 2070 1008 2129 Freinsh.

502 2150 720 2207 Iucu-sato
760 2149 836 2198 M.
873 2146 1049 2213 Lollio]
1102 2149 1189 2198 Ita
1235 2145 1508 2204 emendavi

437 2226 578 2289 olim,
595 2241 707 2276 cum
733 2228 886 2290 vulgo
907 2233 1049 2276 esset
1063 2228 1139 2276 M.
1160 2227 1310 2280 Folio.
1346 2224 1513 2274 Hausi

440 2304 854 2360 emendationem
878 2304 1031 2354 facile
1056 2319 1119 2352 ex
1144 2304 1375 2365 historia,
1397 2318 1509 2365 quae

441 2381 581 2453 apud
619 2380 954 2437 Suetonium:
1004 2382 1019 2408 ⁴
1044 2382 1284 2445 Namque
1320 2379 1513 2444 privig-

438 2472 563 2515 num
587 2458 768 2523 Cajum
789 2458 997 2508 Orienti
1020 2459 1378 2527 praepositum,
1397 2471 1515 2513 cum

438 2535 825 2599 visendi'gratia
843 2536 1131 2600 trajecisset
1149 2536 1374 2598 Samum,
1395 2535 1516 2584 alie-

437 2612 636 2662 niorem
659 2613 756 2662 sibi
781 2613 945 2662 sensit
968 2628 1032 2661 ex
1070 2611 1514 2662 criminationibus

443 2689 523 2739 Μ.
565 2690 715 2740 Lollii
756 2690 962 2740 comitis
1006 2695 1060 2738 et
1103 2688 1323 2738 rectoris
1367 2685 1517 2752 ejus?

444 2765 582 2823 Item
608 2765 837 2820 Plinium
872 2767 910 2820 l.
934 2778 1013 2824 lx.
1040 2771 1094 2814 et
1115 2764 1375 2814 Velleium
1396 2764 1431 2819 l.
1456 2776 1519 2812 ιι.

446 2840 569 2892 Fuit
593 2841 727 2895 enim
767 2841 852 2889 hic
877 2841 1070 2892 Lollius
1106 2839 1386 2909 C..Caesari
1410 2852 1519 2888 rec-

446 2923 552 2981 tor,
576 2933 678 2985 quo
719 2932 861 2968 more
888 2919 1211 2982 principibus
1240 2916 1521 2985 juvenibus

447 2995 605 3044 etiam
630 3010 765 3045 nunc
804 2996 1028 3045 dantur:
1065 3003 1119 3045 et
1144 3002 1263 3060 post
1284 2995 1430 3050 illum
1453 2994 1518 3044 P.

446 3071 705 3134 Sulpicius
729 3072 1016 3134 Quirinius,
1053 3071 1272 3129 Tiberio
1314 3069 1523 3125 amicus.

450 3147 619 3197 Causa
657 3150 845 3209 errori,
884 3148 1024 3214 quod
1062 3149 1114 3197 in
1155 3148 1335 3212 priscis
1373 3147 1523 3203 libris

451 3224 562 3274 sine
589 3225 932 3289 geminatione
957 3224 1084 3290 fere,
1107 3226 1260 3276 Lolio.
1298 3224 1525 3288 Lipsius.

472 3307 481 3315 '
521 3301 655 3351 CAP.
696 3306 778 3359 49.
861 3303 921 3351 C.
976 3302 1225 3352 Laetorium
1279 3299 1526 3364 Priscum]

452 3374 640 3441 Vulgo,
666 3379 946 3427 Clutorium.
994 3377 1100 3427 Sed
1120 3378 1221 3427 Dio
1246 3383 1429 3427 auctor
1449 3377 1526 3426 sic

454 3453 782 3517 emendandi,
806 3455 946 3521 apud
969 3469 1123 3518 quem
1141 3461 1240 3517 est,
1264 3452 1397 3503 Γάϊος
1411 3461 1528 3502 Λου-

455 3527 634 3590 reptos.
686 3530 844 3578 Error
868 3545 934 3578 ex
959 3531 1169 3585 adhaesa
1192 3537 1446 3591 notarum,
1469 3536 1529 3580 ut

455 3602 592 3654 infra
633 3605 876 3673 Pantejus,
921 3608 1008 3675 qui
1053 3614 1133 3659 est
1175 3609 1240 3659 P.
1289 3609 1528 3675 Antejus.

459 3678 664 3729 Mentio
708 3681 856 3745 hujus
912 3689 1000 3736 aut
1056 3684 1273 3733 alterius
1330 3684 1530 3734 Lutorii

458 3755 618 3827 ειμιιᾶι
639 3757 860 3806 Plinium
904 3761 940 3807 Ι.
963 3773 1062 3811 vu.
1098 3765 1181 3810 29.
1223 3761 1313 3816 ubi
1357 3767 1530 3811 tamen

460 3831 615 3893 male,
639 3831 833 3883 Sutorio
859 3836 1045 3884 Prisco.
1101 3838 1322 3901 Lipsius.

476 3920 492 3929 ·
529 3908 588 3957 C.
612 3908 859 3960 Laterium
886 3914 1127 3977 Priscum]
1176 3915 1331 3964 Dioni
1355 3921 1411 3964 et
1433 3914 1528 3964 Xi-

460 3984 654 4050 philinu
670 3985 803 4038 Γάϊος
824 3988 1081 4055 Λουτῶριος
1103 3990 1305 4055 Epicuros
1320 3994 1404 4041 hic
1420 3998 1527 4042 est:

460 4061 684 4112 lectione
742 4065 957 4120 dixerim
1014 4083 1076 4121 eo
1121 4070 1348 4133 veriore,
1395 4071 1531 4134 quod

461 4151 761 4203 praenomen
816 4145 979 4217 equiti
1034 4146 1264 4200 Romano
1327 4146 1532 4202 tribuit.

472 4213 771 4267 Ver-cranius.

527 4290 666 4346 ΟΛ».
690 4297 772 4347 50.
806 4295 869 4345 In
896 4284 1085 4363 integro
1118 4296 1216 4366 est]
1263 4296 1536 4354 Sententia

416 4758 576 4876 Ι

1561 524 1683 575 mibi
1709 526 2042 587 mansuem.
2077 522 2302 592 Lipsius.
2390 534 2403 541 “

1592 647 1601 654 .
1629 602 1763 653 Cam.
1781 608 1862 654 ⁶1.
1881 604 2007 654 Ante
2026 605 2151 654 diem
2171 603 2422 668 decumum]
2444 601 2474 669 *f
2487 601 2504 633 ⁴
2517 616 2631 654 sen-

1564 681 1783 735 tentiam
1808 681 2002 732 trahit!
2029 682 2157 732 Haec
2177 682 2304 731 satis
2327 688 2473 732 certa
2489 680 2633 731 vide-

1566 757 1771 808 bantur.
1838 758 1914 808 At
1938 758 2147 807 turbant
2187 773 2268 808 me
2309 758 2642 807 Declamato-

1568 851 1674 888 res:
1701 838 1843 886 inter
1855 852 1981 901 quos
1996 836 2375 889 Quinctilianns
2383 836 2635 885 Themate

1569 915 1958 964 declamationis
1974 927 2159 964 eccm.
2193 915 2207 942 ⁴
2230 911 2640 975 Damnatorum,¹

1570 992 1755 1057 inquit,
1776 993 1792 1021 ⁴
1817 992 2076 1057 supplicia
2092 992 2141 1040 in
2165 991 2300 1041 diem
2323 988 2640 1040 tricesimum

1571 1067 1905 1129 differantur.²
1989 1071 2060 1118 Et
2114 1067 2168 1137 in
2214 1069 2332 1132 ipsa
2370 1066 2644 1119 Declama-

1573 1147 1747 1197 tione:
1785 1151 1800 1176 ‘
1821 1147 1892 1202 Et
1920 1146 2045 1198 mibi
2079 1145 2287 1196 videtur
2308 1143 2427 1193 ideo
2450 1142 2643 1193 consti·

1575 1229 1691 1274 tuta
1710 1237 1821 1273 esse
1844 1224 1947 1284 lex,
1965 1238 2079 1288 quae
2098 1223 2391 1278 damnatum
2410 1226 2531 1286 post
2551 1218 2653 1271 tria

1576 1303 1823 1352 cesimum
1869 1301 2007 1350 diem
2054 1301 2226 1365 puniri
2270 1299 2467 1350 voluit:
2523 1310 2647 1362 quo·

1576 1380 1714 1429 niam
1751 1378 1962 1439 videbat
1983 1378 2153 1443 legum
2188 1378 2322 1426 lator
2343 1389 2494 1440 posse
2530 1371 2655 1422 fieri

1576 1462 1638 1506 nt
1659 1457 1993 1520 deciperetur
2016 1452 2324 1504 accusator!
2336 1487 2341 1491 ·
2371 1452 2509 1502 Item
2530 1450 2651 1501 eal·

1578 1535 1790 1599 purnius
1816 1534 2032 1585 Flaccus
2072 1532 2305 1600 (Pithoeo
2328 1536 2507 1581 nostro
2530 1543 2651 1578 aue·

1581 1618 1722 1660 tores
1757 1610 1848 1659 hos
1886 1606 2154 1671 debemus)
2195 1606 2651 1659 Declamat.⁴xxw

1580 1687 1594 1714 ⁴
1620 1688 1785 1737 Poena
1824 1687 2045 1751 raptoris
2079 1685 2131 1734 in
2166 1685 2304 1734 diem
2329 1682 2651 1747 trigesimum

1582 1764 1886 1814 differatur)
1954 1764 2095 1813 Nam
2128 1761 2325 1812 vixisse
2363 1762 2491 1811 istos
2531 1766 2653 1810 ante

1582 1841 1857 1890 Theodosii
1891 1842 2047 1904 longe
2084 1839 2435 1901 aevum,·satis
2470 1837 2659 1894 claret..

1584 1917 1668 1966 An
1691 1918 1849 1982 igitur
1871 1918 2255 1979 exolescentem
2281 1916 2488 1969 rettulit
2510 1915 2656 1986 dum*-

1584 2002 1732 2049 taxat
1785 2002 2053 2060 ratamque
2100 1994 2433 2045 Tiberianam
2460 1994 2660 2054 ¹legem»

1582 2074 1768 2129 habuit
1787 2072 2120 2134 Theodosius,
2151 2077 2206 2121 et
2229 2071 2283 2121 in
2305 2070 2512 2132 Tacito,
2531 2068 2658 2118 Dio·

1585 2166 1672 2215 ne,
1707 2152 1926 2214 Seneca,
1967 2149 2284 2214 suspicamur
2321 2147 2389 2198 de
2430 2145 2661 2201 mendo?

1586 2227 1672 2283 An
1697 2230 1870 2291 potius
1890 2228 2290 2277 Declamatores
2321 2224 2396 2273 illi
2419 2224 2470 2275 in
2495 2230 2661 2273 trans--

1588 2304 1864 2355 scribendo
1900 2304 2073 2354 vitiati
2111 2319 2142 2353 a
2179 2301 2398 2368 posteris
2434 2308 2572 2365 sunt,
2607 2305 2661 2351 et

1591 2381 1654 2431 ad
1691 2382 2030 2445 posteriorem
2076 2381 2212 2430 illam
2251 2381 2424 2444 legem
2464 2375 2663 2442 aptati?

1590 2459 1862 2513 Mehercle
1912 2458 2111 2521 haereo,
2160 2472 2223 2506 eo
2276 2455 2461 2519 magis,
2519 2454 2667 2520 quod

1594 2532 2002 2591 Quinctilianum
2021 2533 2165 2582 illum
2178 2530 2403 2595 Augusti
2423 2545 2538 2588 ‚aevo
2556 2529 2663 2579 vix·

1592 2611 1696 2661 isse
1735 2610 1944 2660 volunt:
1986 2609 2135 2674 ‚quod
2175 2623 2242 2660 ex
2274 2610 2370 2660 hoc
2406 2609 2521 2660 loco
2558 2619 2668 2659 non

1595 2693 1788 2753 potest.
1827 2686 2039 2750 Lipsius.
2464 2714 2469 2721 ·

1650 2765 1782 2821 CAP.
1797 2768 1879 2813 62.
1902 2765 1974 2815 Ne
1991 2763 2209 2827 princeps
2221 2764 2429 2827 antiquae
2437 2763 2673 2827 parsime«

1593 2840 1710 2903 πίω]
1770 2840 2048 2895 Rhenanus
2072 2840 2263 2904 aliique
2286 2841 2456 2904 ipsum
2498 2839 2671 2889 secuti

1594 2918 1732 2971 huuc
1776 2917 1945 2985 locum
2006 2915 2077 2965 sic
2123 2922 2547 2980 construxerunt,
2572 2966 2575 2971 ,
2601 2928 2668 2965 ne

1597 2994 1840 3057 princeps
1879 2993 2054 3043 durius
2099 2993 2400 3045 adverteret
2436 2995 2675 3058 antiquae

1598 3071 1943 3134 parsimoniae.
2009 3071 2143 3120 Mihi
2168 3070 2376 3121 videtur
2403 3071 2668 3122 Tiberium

1599 3147 1766 3210 ipsum
1796 3147 2050 3210 appellari
2072 3148 2086 3175 ⁴
2113 3147 2416 3212 Principem
2443 3148 2671 3213 antiqua

1602 3223 1962 3287 parsimouiae‚'
1986 3224 2123 3287 quod
2143 3239 2209 3272 ex
2226 3223 2447 3278 historia
2458 3225 2677 3287 clarum,

1601 3305 1658 3349 et
1702 3305 1922 3348 testatur
1961 3300 2171 3352 Tacitus
2209 3300 2245 3350 l.
2271 3314 2350 3355 nc.
2383 3302 2399 3330 ⁴
2424 3300 2551 3359 Rari
2576 3313 2671 3364 per

1602 3376 1808 3427 Italiam
1834 3377 2052 3431 Caesaris
2094 3377 2226 3441 agri,
2259 3377 2498 3429 modesta
2517 3378 2674 3431 seuvi-

1606 3453 1697 3517 tia,
1720 3453 1856 3505 intra
1882 3468 2073 3516 paucos
2096 3454 2312 3504 libertos
2336 3453 2552 3504 domus!
2604 3454 2677 3503 Si-

1603 3530 1738 3579 milis
1774 3531 2016 3594 loquendi
2048 3531 2229 3580 modus
2253 3536 2333 3580 est
2356 3531 2389 3581 1.
2415 3544 2518 3580 xu.
2552 3531 2568 3558 ⁴
2594 3527 2677 3580 Li-

1606 3607 1840 3665 bertinus
1862 3608 2093 3657 sestertii
2129 3615 2210 3657 ter
2247 3608 2435 3666 millies
2470 3621 2674 3672 posses-

1609 3699 1711 3746 sor,
1738 3683 1964 3748 antiquae
1987 3685 2312 3748 parsimoniae
2330 3684 2570 3735 laudibus
2588 3697 2673 3734 cu·

1604 3760 1941 3812 mulabatur!
1990 3761 2220 3812 Pichena.
2562 3793 2574 3804 ·

1672 3839 1727 3887 N
1727 3854 1774 3891 ee
1805 3837 2349 3901 mediocribusremediis
2381 3836 2490 3887 sisti
2522 3834 2682 3902 posse]

1608 3915 1896 3978 Corruptus
1922 3915 2005 3963 hic
2029 3915 2237 3978 quidem
2255 3920 2336 3965 est
2363 3914 2507 3975 Man.
2530 3928 2680 3963 reme·

1607 3993 1679 4042 dii
1701 3992 1816 4043 isti.-
1850 3991 1940 4055 qui
1982 3992 2251 4054 tamenad
2289 4006 2463 4040 veram
2499 3991 2677 4051 lectio-

1610 4083 1726 4117 nem
1753 4067 1921 4131 aperit
1947 4068 2099 4130 viam,
2119 4068 2340 4117 remediis
2355 4067 2485 4116 sisti.
2542 4067 2680 4117 Nam

1608 4144 1796 4192 Tacito
1842 4141 2108 4192 familiaris
2151 4142 2386 4208 loquutio
2431 4143 2523 4209 lib.
2567 4156 2680 4199 xm

1606 4220 1622 4248 ⁴
1648 4220 1766 4291 Nec
1796 4220 1906 4283 jam
1948 4220 2061 4270 sisti
2101 4218 2387 4284 potuerat.'
2453 4219 2570 4269 Lib.
2590 4232 2680 4269 xv.

1609 4297 1626 4326 ‘
1654 4296 1842 4365 Neque
1880 4302 2056 4349 tamen
2094 4295 2207 4347 sisti
2250 4294 2458 4364 potuit.’
2538 4294 2686 4352 Ηίθε,
