<?xml version="1.0" encoding="UTF-8"?>
<!DOCTYPE html PUBLIC "-//W3C//DTD XHTML 1.0 Transitional//EN"
    "http://www.w3.org/TR/xhtml1/DTD/xhtml1-transitional.dtd">
<html xmlns="http://www.w3.org/1999/xhtml" xml:lang="en" lang="en">
 <head>
  <title>
</title>
<meta http-equiv="Content-Type" content="text/html;charset=utf-8" />
  <meta name='ocr-system' content='tesseract 3.04.00' />
  <meta name='ocr-capabilities' content='ocr_page ocr_carea ocr_par ocr_line ocrx_word'/>
</head>
<body>
  <div class='ocr_page' id='page_1' title='image "./operaomnia10tacigoog_0366.png"; bbox 0 0 3009 4942; ppageno 0'>
   <div class='ocr_carea' id='block_1_1' title="bbox 497 386 2082 465">
    <p class='ocr_par' dir='ltr' id='par_1_1' title="bbox 497 386 2082 465">
     <span class='ocr_line' id='line_1_1' title="bbox 497 386 2082 465; baseline 0.006 -11"><span class='ocrx_word' id='word_1_1' title='bbox 497 386 677 455; x_wconf 64' lang='lat'>1108</span> <span class='ocrx_word' id='word_1_2' title='bbox 1208 407 1426 465; x_wconf 65' lang='lat' dir='ltr'>1³01*AE</span> <span class='ocrx_word' id='word_1_3' title='bbox 1478 408 1881 462; x_wconf 73' lang='lat' dir='ltr'>vAmomm</span> <span class='ocrx_word' id='word_1_4' title='bbox 1929 410 2010 463; x_wconf 75' lang='lat' dir='ltr'>m</span> <span class='ocrx_word' id='word_1_5' title='bbox 2077 412 2082 419; x_wconf 86' lang='grc'>’</span> 
     </span>
    </p>
   </div>
   <div class='ocr_carea' id='block_1_2' title="bbox 488 550 1578 2319">
    <p class='ocr_par' dir='ltr' id='par_1_2' title="bbox 497 550 1572 1297">
     <span class='ocr_line' id='line_1_2' title="bbox 502 550 1569 618; baseline 0.003 -16"><span class='ocrx_word' id='word_1_6' title='bbox 502 551 636 604; x_wconf 76' lang='lat' dir='ltr'>nius.</span> <span class='ocrx_word' id='word_1_7' title='bbox 700 550 1014 618; x_wconf 73' lang='lat' dir='ltr'>Suspicabnr</span> <span class='ocrx_word' id='word_1_8' title='bbox 1047 567 1116 604; x_wconf 83' lang='lat' dir='ltr'>ex</span> <span class='ocrx_word' id='word_1_9' title='bbox 1158 554 1417 618; x_wconf 86' lang='lat' dir='ltr'>scriptura</span> <span class='ocrx_word' id='word_1_10' title='bbox 1450 555 1569 605; x_wconf 85' lang='lat' dir='ltr'>Flo·</span> 
     </span>
     <span class='ocr_line' id='line_1_3' title="bbox 505 629 1569 696; baseline 0.003 -17"><span class='ocrx_word' id='word_1_11' title='bbox 505 629 746 680; x_wconf 79' lang='lat' dir='ltr'>reatina:</span> <span class='ocrx_word' id='word_1_12' title='bbox 783 630 995 680; x_wconf 74' lang='lat' dir='ltr'>Fuerunt</span> <span class='ocrx_word' id='word_1_13' title='bbox 1017 635 1192 693; x_wconf 77' lang='lat' dir='ltr'>tamen,</span> <span class='ocrx_word' id='word_1_14' title='bbox 1233 634 1416 696; x_wconf 72' lang='lat' dir='ltr'>quosid</span> <span class='ocrx_word' id='word_1_15' title='bbox 1436 647 1569 682; x_wconf 71' lang='lat' dir='ltr'>omen</span> 
     </span>
     <span class='ocr_line' id='line_1_4' title="bbox 497 700 1568 770; baseline 0.004 -15"><span class='ocrx_word' id='word_1_16' title='bbox 497 700 749 770; x_wconf 61' lang='lat' dir='ltr'>propinqua·</span> <span class='ocrx_word' id='word_1_17' title='bbox 800 708 959 757; x_wconf 76' lang='lat' dir='ltr'>exitus</span> <span class='ocrx_word' id='word_1_18' title='bbox 1009 709 1293 758; x_wconf 66' lang='lat' dir='ltr'>advo-tene.</span> <span class='ocrx_word' id='word_1_19' title='bbox 1382 709 1568 760; x_wconf 86' lang='lat' dir='ltr'>Tertio</span> 
     </span>
     <span class='ocr_line' id='line_1_5' title="bbox 504 779 1569 849; baseline 0.007 -18"><span class='ocrx_word' id='word_1_20' title='bbox 504 779 641 833; x_wconf 84' lang='lat' dir='ltr'>enim</span> <span class='ocrx_word' id='word_1_21' title='bbox 663 790 783 848; x_wconf 88' lang='lat' dir='ltr'>post</span> <span class='ocrx_word' id='word_1_22' title='bbox 805 799 938 835; x_wconf 89' lang='lat' dir='ltr'>anno</span> <span class='ocrx_word' id='word_1_23' title='bbox 962 785 1136 849; x_wconf 85' lang='lat' dir='ltr'>periit.</span> <span class='ocrx_word' id='word_1_24' title='bbox 1170 787 1311 837; x_wconf 87' lang='lat' dir='ltr'>Hist.</span> <span class='ocrx_word' id='word_1_25' title='bbox 1336 798 1399 838; x_wconf 80' lang='grc' dir='ltr'>Π.</span> <span class='ocrx_word' id='word_1_26' title='bbox 1422 788 1438 816; x_wconf 84' lang='lat'>‘</span> <span class='ocrx_word' id='word_1_27' title='bbox 1458 789 1569 838; x_wconf 76' lang='lat' dir='ltr'>Lae-</span> 
     </span>
     <span class='ocr_line' id='line_1_6' title="bbox 504 861 1569 931; baseline 0.008 -23"><span class='ocrx_word' id='word_1_28' title='bbox 504 865 591 909; x_wconf 86' lang='lat' dir='ltr'>tns</span> <span class='ocrx_word' id='word_1_29' title='bbox 612 861 753 913; x_wconf 85' lang='lat' dir='ltr'>ultro</span> <span class='ocrx_word' id='word_1_30' title='bbox 786 868 841 911; x_wconf 86' lang='lat' dir='ltr'>et</span> <span class='ocrx_word' id='word_1_31' title='bbox 871 867 977 911; x_wconf 89' lang='lat' dir='ltr'>tam</span> <span class='ocrx_word' id='word_1_32' title='bbox 996 863 1293 929; x_wconf 80' lang='lat' dir='ltr'>propinquae</span> <span class='ocrx_word' id='word_1_33' title='bbox 1317 866 1471 915; x_wconf 87' lang='lat' dir='ltr'>sortis</span> <span class='ocrx_word' id='word_1_34' title='bbox 1493 867 1569 931; x_wconf 80' lang='lat' dir='ltr'>ig-</span> 
     </span>
     <span class='ocr_line' id='line_1_7' title="bbox 501 937 1568 994; baseline 0.008 -9"><span class='ocrx_word' id='word_1_35' title='bbox 501 937 695 988; x_wconf 83' lang='lat' dir='ltr'>narus.&#39;</span> <span class='ocrx_word' id='word_1_36' title='bbox 760 939 958 989; x_wconf 87' lang='lat' dir='ltr'>Eodem</span> <span class='ocrx_word' id='word_1_37' title='bbox 995 939 1087 990; x_wconf 83' lang='lat' dir='ltr'>lib.</span> <span class='ocrx_word' id='word_1_38' title='bbox 1132 943 1150 970; x_wconf 88' lang='lat'>‘</span> <span class='ocrx_word' id='word_1_39' title='bbox 1172 942 1316 992; x_wconf 84' lang='lat' dir='ltr'>exitu</span> <span class='ocrx_word' id='word_1_40' title='bbox 1362 943 1568 994; x_wconf 89' lang='lat' dir='ltr'>demum</span> 
     </span>
     <span class='ocr_line' id='line_1_8' title="bbox 504 1013 1571 1081; baseline 0.007 -17"><span class='ocrx_word' id='word_1_41' title='bbox 504 1013 729 1065; x_wconf 84' lang='lat' dir='ltr'>Neronis</span> <span class='ocrx_word' id='word_1_42' title='bbox 761 1017 941 1081; x_wconf 86' lang='lat' dir='ltr'>positis</span> <span class='ocrx_word' id='word_1_43' title='bbox 977 1014 1107 1067; x_wconf 88' lang='lat' dir='ltr'>odiis</span> <span class='ocrx_word' id='word_1_44' title='bbox 1129 1017 1180 1067; x_wconf 88' lang='lat' dir='ltr'>in</span> <span class='ocrx_word' id='word_1_45' title='bbox 1204 1018 1429 1069; x_wconf 88' lang='lat' dir='ltr'>medinm</span> <span class='ocrx_word' id='word_1_46' title='bbox 1451 1035 1571 1071; x_wconf 89' lang='lat' dir='ltr'>con·</span> 
     </span>
     <span class='ocr_line' id='line_1_9' title="bbox 503 1090 1570 1158; baseline 0.007 -19"><span class='ocrx_word' id='word_1_47' title='bbox 503 1090 744 1142; x_wconf 60' lang='lat' dir='ltr'>sniueress</span> <span class='ocrx_word' id='word_1_48' title='bbox 828 1092 1163 1158; x_wconf 85' lang='lat' dir='ltr'>Eodemque:</span> <span class='ocrx_word' id='word_1_49' title='bbox 1216 1093 1233 1123; x_wconf 83' lang='lat'>‘</span> <span class='ocrx_word' id='word_1_50' title='bbox 1256 1096 1441 1145; x_wconf 84' lang='lat' dir='ltr'>mereri</span> <span class='ocrx_word' id='word_1_51' title='bbox 1513 1110 1570 1148; x_wconf 90' lang='lat' dir='ltr'>se</span> 
     </span>
     <span class='ocr_line' id='line_1_10' title="bbox 502 1165 1572 1226; baseline 0.008 -10"><span class='ocrx_word' id='word_1_52' title='bbox 502 1165 751 1219; x_wconf 82' lang='lat' dir='ltr'>festinato</span> <span class='ocrx_word' id='word_1_53' title='bbox 783 1170 931 1220; x_wconf 85' lang='lat' dir='ltr'>exitu</span> <span class='ocrx_word' id='word_1_54' title='bbox 965 1171 1294 1222; x_wconf 88' lang='lat' dir='ltr'>clementiam</span> <span class='ocrx_word' id='word_1_55' title='bbox 1327 1173 1572 1226; x_wconf 86' lang='lat' dir='ltr'>victoris.&#39;</span> 
     </span>
     <span class='ocr_line' id='line_1_11' title="bbox 509 1244 793 1297; baseline 0.014 -4"><span class='ocrx_word' id='word_1_56' title='bbox 509 1244 793 1297; x_wconf 70' lang='lat' dir='ltr'>Gronovim.</span> 
     </span>
    </p>

    <p class='ocr_par' dir='ltr' id='par_1_3' title="bbox 503 1322 1576 2005">
     <span class='ocr_line' id='line_1_12' title="bbox 572 1322 1574 1392; baseline 0.008 -20"><span class='ocrx_word' id='word_1_57' title='bbox 572 1322 703 1374; x_wconf 79' lang='lat' dir='ltr'>Nam</span> <span class='ocrx_word' id='word_1_58' title='bbox 734 1325 893 1375; x_wconf 76' lang='lat' dir='ltr'>Deum</span> <span class='ocrx_word' id='word_1_59' title='bbox 922 1325 1069 1376; x_wconf 69' lang='lat' dir='ltr'>honor</span> <span class='ocrx_word' id='word_1_60' title='bbox 1098 1327 1318 1392; x_wconf 77' lang='lat' dir='ltr'>Principi</span> <span class='ocrx_word' id='word_1_61' title='bbox 1350 1344 1441 1379; x_wconf 77' lang='lat' dir='ltr'>non</span> <span class='ocrx_word' id='word_1_62' title='bbox 1461 1334 1574 1381; x_wconf 76' lang='lat' dir='ltr'>ante</span> 
     </span>
     <span class='ocr_line' id='line_1_13' title="bbox 505 1400 1572 1468; baseline 0.007 -17"><span class='ocrx_word' id='word_1_63' title='bbox 505 1400 722 1466; x_wconf 72' lang='lat' dir='ltr'>hahetur,</span> <span class='ocrx_word' id='word_1_64' title='bbox 740 1420 878 1468; x_wconf 77' lang='lat' dir='ltr'>quam</span> <span class='ocrx_word' id='word_1_65' title='bbox 898 1420 1041 1466; x_wconf 81' lang='lat' dir='ltr'>ogere</span> <span class='ocrx_word' id='word_1_66' title='bbox 1062 1406 1189 1456; x_wconf 77' lang='lat' dir='ltr'>iuter</span> <span class='ocrx_word' id='word_1_67' title='bbox 1209 1407 1421 1457; x_wconf 74' lang='lat' dir='ltr'>homines</span> <span class='ocrx_word' id='word_1_68' title='bbox 1450 1409 1572 1458; x_wconf 77' lang='lat' dir='ltr'>desi·</span> 
     </span>
     <span class='ocr_line' id='line_1_14' title="bbox 505 1477 1574 1549; baseline 0.007 -21"><span class='ocrx_word' id='word_1_69' title='bbox 505 1477 623 1542; x_wconf 75' lang='lat' dir='ltr'>cn&#39;t]</span> <span class='ocrx_word' id='word_1_70' title='bbox 654 1479 1007 1532; x_wconf 85' lang='lat' dir='ltr'>Tertullianus</span> <span class='ocrx_word' id='word_1_71' title='bbox 1024 1483 1239 1546; x_wconf 85' lang='lat' dir='ltr'>pulchre</span> <span class='ocrx_word' id='word_1_72' title='bbox 1257 1491 1313 1533; x_wconf 87' lang='lat' dir='ltr'>et</span> <span class='ocrx_word' id='word_1_73' title='bbox 1336 1485 1574 1549; x_wconf 86' lang='lat' dir='ltr'>apposite</span> 
     </span>
     <span class='ocr_line' id='line_1_15' title="bbox 503 1554 1573 1613; baseline 0.007 -7"><span class='ocrx_word' id='word_1_74' title='bbox 503 1554 623 1607; x_wconf 71' lang='lat' dir='ltr'>hnic</span> <span class='ocrx_word' id='word_1_75' title='bbox 643 1556 752 1607; x_wconf 80' lang='lat' dir='ltr'>rei:</span> <span class='ocrx_word' id='word_1_76' title='bbox 788 1559 805 1587; x_wconf 77' lang='lat'><strong>⁶</strong></span> <span class='ocrx_word' id='word_1_77' title='bbox 826 1557 880 1608; x_wconf 84' lang='lat' dir='ltr'>si</span> <span class='ocrx_word' id='word_1_78' title='bbox 904 1573 1009 1608; x_wconf 86' lang='lat' dir='ltr'>nou</span> <span class='ocrx_word' id='word_1_79' title='bbox 1044 1560 1113 1609; x_wconf 87' lang='lat' dir='ltr'>de</span> <span class='ocrx_word' id='word_1_80' title='bbox 1146 1561 1419 1612; x_wconf 87' lang='lat' dir='ltr'>mendacio</span> <span class='ocrx_word' id='word_1_81' title='bbox 1457 1577 1573 1613; x_wconf 88' lang='lat' dir='ltr'>ern·</span> 
     </span>
     <span class='ocr_line' id='line_1_16' title="bbox 506 1630 1575 1702; baseline 0.008 -21"><span class='ocrx_word' id='word_1_82' title='bbox 506 1630 680 1683; x_wconf 88' lang='lat' dir='ltr'>bescit</span> <span class='ocrx_word' id='word_1_83' title='bbox 718 1634 974 1698; x_wconf 88' lang='lat' dir='ltr'>ejusmodi</span> <span class='ocrx_word' id='word_1_84' title='bbox 1025 1634 1273 1702; x_wconf 76' lang='lat' dir='ltr'><strong>adulatio,</strong></span> <span class='ocrx_word' id='word_1_85' title='bbox 1313 1638 1575 1691; x_wconf 87' lang='lat' dir='ltr'>hominem</span> 
     </span>
     <span class='ocr_line' id='line_1_17' title="bbox 508 1707 1574 1774; baseline 0.009 -17"><span class='ocrx_word' id='word_1_86' title='bbox 508 1707 688 1758; x_wconf 89' lang='lat' dir='ltr'>Deum</span> <span class='ocrx_word' id='word_1_87' title='bbox 709 1710 1051 1774; x_wconf 79' lang='lat' dir='ltr'>appellando:</span> <span class='ocrx_word' id='word_1_88' title='bbox 1088 1712 1270 1763; x_wconf 87' lang='lat' dir='ltr'>timeat</span> <span class='ocrx_word' id='word_1_89' title='bbox 1297 1715 1483 1765; x_wconf 88' lang='lat' dir='ltr'>saltem</span> <span class='ocrx_word' id='word_1_90' title='bbox 1505 1716 1574 1768; x_wconf 88' lang='lat' dir='ltr'>de</span> 
     </span>
     <span class='ocr_line' id='line_1_18' title="bbox 507 1783 1576 1858; baseline 0.009 -24"><span class='ocrx_word' id='word_1_91' title='bbox 507 1783 752 1836; x_wconf 83' lang='lat' dir='ltr'>infausto.</span> <span class='ocrx_word' id='word_1_92' title='bbox 811 1788 1151 1839; x_wconf 82' lang='lat' dir='ltr'>Maledictum</span> <span class='ocrx_word' id='word_1_93' title='bbox 1175 1797 1270 1856; x_wconf 87' lang='lat' dir='ltr'>est,</span> <span class='ocrx_word' id='word_1_94' title='bbox 1291 1798 1413 1843; x_wconf 88' lang='lat' dir='ltr'>ante</span> <span class='ocrx_word' id='word_1_95' title='bbox 1432 1791 1576 1858; x_wconf 87' lang='lat' dir='ltr'>Apo-</span> 
     </span>
     <span class='ocr_line' id='line_1_19' title="bbox 509 1863 1576 1935; baseline 0.009 -24"><span class='ocrx_word' id='word_1_96' title='bbox 509 1863 728 1928; x_wconf 85' lang='lat' dir='ltr'>theosiu,</span> <span class='ocrx_word' id='word_1_97' title='bbox 759 1864 927 1914; x_wconf 86' lang='lat' dir='ltr'>Deum</span> <span class='ocrx_word' id='word_1_98' title='bbox 952 1866 1213 1918; x_wconf 79' lang='lat' dir='ltr'>Caesarem</span> <span class='ocrx_word' id='word_1_99' title='bbox 1238 1869 1576 1935; x_wconf 66' lang='lat' dir='ltr'>nuncupare?</span> 
     </span>
     <span class='ocr_line' id='line_1_20' title="bbox 509 1940 720 2005; baseline 0 -15"><span class='ocrx_word' id='word_1_100' title='bbox 509 1940 720 2005; x_wconf 71' lang='lat' dir='ltr'>Lipsius.</span> 
     </span>
    </p>

    <p class='ocr_par' dir='ltr' id='par_1_4' title="bbox 488 2016 1578 2319">
     <span class='ocr_line' id='line_1_21' title="bbox 575 2016 1576 2084; baseline 0.009 -19"><span class='ocrx_word' id='word_1_101' title='bbox 575 2016 709 2068; x_wconf 80' lang='lat' dir='ltr'>Nam</span> <span class='ocrx_word' id='word_1_102' title='bbox 731 2019 887 2068; x_wconf 80' lang='lat' dir='ltr'>Deum</span> <span class='ocrx_word' id='word_1_103' title='bbox 907 2017 1076 2082; x_wconf 76' lang='lat' dir='ltr'>honor]</span> <span class='ocrx_word' id='word_1_104' title='bbox 1110 2021 1190 2070; x_wconf 82' lang='lat' dir='ltr'>Ex</span> <span class='ocrx_word' id='word_1_105' title='bbox 1211 2021 1365 2084; x_wconf 87' lang='lat' dir='ltr'>hujus</span> <span class='ocrx_word' id='word_1_106' title='bbox 1383 2024 1576 2073; x_wconf 88' lang='lat' dir='ltr'>antori-</span> 
     </span>
     <span class='ocr_line' id='line_1_22' title="bbox 488 2093 1575 2164; baseline 0.006 -20"><span class='ocrx_word' id='word_1_107' title='bbox 488 2097 621 2144; x_wconf 78' lang='lat' dir='ltr'>·tate</span> <span class='ocrx_word' id='word_1_108' title='bbox 641 2093 896 2145; x_wconf 82' lang='lat' dir='ltr'>AElianum</span> <span class='ocrx_word' id='word_1_109' title='bbox 933 2096 1198 2160; x_wconf 87' lang='lat' dir='ltr'>sophisten</span> <span class='ocrx_word' id='word_1_110' title='bbox 1235 2098 1406 2154; x_wconf 86' lang='lat' dir='ltr'>ridere</span> <span class='ocrx_word' id='word_1_111' title='bbox 1426 2100 1575 2164; x_wconf 87' lang='lat' dir='ltr'>licet,</span> 
     </span>
     <span class='ocr_line' id='line_1_23' title="bbox 507 2168 1578 2241; baseline 0.007 -23"><span class='ocrx_word' id='word_1_112' title='bbox 507 2168 599 2241; x_wconf 65' lang='lat' dir='ltr'>oui</span> <span class='ocrx_word' id='word_1_113' title='bbox 618 2169 687 2219; x_wconf 85' lang='lat' dir='ltr'>ad</span> <span class='ocrx_word' id='word_1_114' title='bbox 711 2169 1000 2222; x_wconf 86' lang='lat' dir='ltr'>Adrianum</span> <span class='ocrx_word' id='word_1_115' title='bbox 1023 2174 1387 2238; x_wconf 80' lang='lat' dir='ltr'><strong>imperatorem</strong></span> <span class='ocrx_word' id='word_1_116' title='bbox 1413 2176 1578 2241; x_wconf 87' lang='lat' dir='ltr'>scrip·</span> 
     </span>
     <span class='ocr_line' id='line_1_24' title="bbox 508 2247 1578 2319; baseline 0.007 -23"><span class='ocrx_word' id='word_1_117' title='bbox 508 2252 567 2296; x_wconf 79' lang='lat' dir='ltr'>to</span> <span class='ocrx_word' id='word_1_118' title='bbox 587 2247 763 2300; x_wconf 84' lang='lat' dir='ltr'>libello</span> <span class='ocrx_word' id='word_1_119' title='bbox 785 2249 852 2300; x_wconf 90' lang='lat' dir='ltr'>de</span> <span class='ocrx_word' id='word_1_120' title='bbox 878 2249 1194 2302; x_wconf 76' lang='lat' dir='ltr'>instruendis</span> <span class='ocrx_word' id='word_1_121' title='bbox 1228 2251 1457 2319; x_wconf 79' lang='lat' dir='ltr'>aciebus,</span> <span class='ocrx_word' id='word_1_122' title='bbox 1477 2255 1578 2304; x_wconf 69' lang='grc' dir='ltr'>δῖον</span> 
     </span>
    </p>
   </div>
   <div class='ocr_carea' id='block_1_3' title="bbox 1642 553 2720 1472">
    <p class='ocr_par' dir='ltr' id='par_1_5' title="bbox 1642 553 2720 1472">
     <span class='ocr_line' id='line_1_25' title="bbox 1642 553 2708 621; baseline 0.012 -18"><span class='ocrx_word' id='word_1_123' title='bbox 1642 554 1787 605; x_wconf 81' lang='lat' dir='ltr'>illum</span> <span class='ocrx_word' id='word_1_124' title='bbox 1812 556 2114 621; x_wconf 78' lang='lat' dir='ltr'>appellavit.</span> <span class='ocrx_word' id='word_1_125' title='bbox 2179 557 2282 610; x_wconf 85' lang='lat' dir='ltr'>Sed</span> <span class='ocrx_word' id='word_1_126' title='bbox 2306 560 2358 610; x_wconf 89' lang='lat' dir='ltr'>in</span> <span class='ocrx_word' id='word_1_127' title='bbox 2381 575 2444 612; x_wconf 83' lang='lat' dir='ltr'>eo</span> <span class='ocrx_word' id='word_1_128' title='bbox 2464 553 2708 616; x_wconf 75' lang='lat' dir='ltr'>videatur</span> 
     </span>
     <span class='ocr_line' id='line_1_26' title="bbox 1644 632 2710 700; baseline 0.009 -19"><span class='ocrx_word' id='word_1_129' title='bbox 1644 632 1903 697; x_wconf 83' lang='lat' dir='ltr'>adulatus,</span> <span class='ocrx_word' id='word_1_130' title='bbox 1919 648 2061 684; x_wconf 89' lang='lat' dir='ltr'>more</span> <span class='ocrx_word' id='word_1_131' title='bbox 2085 650 2236 700; x_wconf 88' lang='lat' dir='ltr'>quem</span> <span class='ocrx_word' id='word_1_132' title='bbox 2273 637 2612 690; x_wconf 85' lang='lat' dir='ltr'>Domitianus</span> <span class='ocrx_word' id='word_1_133' title='bbox 2633 641 2710 691; x_wconf 90' lang='lat' dir='ltr'>in·</span> 
     </span>
     <span class='ocr_line' id='line_1_27' title="bbox 1643 708 2715 783; baseline 0.009 -25"><span class='ocrx_word' id='word_1_134' title='bbox 1643 708 1810 772; x_wconf 83' lang='lat' dir='ltr'>duxit,</span> <span class='ocrx_word' id='word_1_135' title='bbox 1832 711 1930 759; x_wconf 85' lang='lat' dir='ltr'>sibi</span> <span class='ocrx_word' id='word_1_136' title='bbox 1949 725 2133 761; x_wconf 85' lang='lat' dir='ltr'>nomen</span> <span class='ocrx_word' id='word_1_137' title='bbox 2154 713 2259 762; x_wconf 90' lang='lat' dir='ltr'>Dei</span> <span class='ocrx_word' id='word_1_138' title='bbox 2276 714 2593 783; x_wconf 71' lang='lat' dir='ltr'>adscribens,</span> <span class='ocrx_word' id='word_1_139' title='bbox 2608 732 2715 782; x_wconf 84' lang='lat' dir='ltr'>quo</span> 
     </span>
     <span class='ocr_line' id='line_1_28' title="bbox 1642 785 2714 858; baseline 0.01 -24"><span class='ocrx_word' id='word_1_140' title='bbox 1642 785 1708 835; x_wconf 90' lang='lat' dir='ltr'>ab</span> <span class='ocrx_word' id='word_1_141' title='bbox 1731 786 1843 835; x_wconf 86' lang='lat' dir='ltr'>aliis</span> <span class='ocrx_word' id='word_1_142' title='bbox 1866 788 2118 851; x_wconf 83' lang='lat' dir='ltr'>appellari</span> <span class='ocrx_word' id='word_1_143' title='bbox 2140 789 2315 840; x_wconf 85' lang='lat' dir='ltr'>vellet.</span> <span class='ocrx_word' id='word_1_144' title='bbox 2370 791 2547 843; x_wconf 83' lang='lat' dir='ltr'>Quare</span> <span class='ocrx_word' id='word_1_145' title='bbox 2569 792 2714 858; x_wconf 82' lang='lat' dir='ltr'>Apo·</span> 
     </span>
     <span class='ocr_line' id='line_1_29' title="bbox 1642 862 2714 933; baseline 0.007 -21"><span class='ocrx_word' id='word_1_146' title='bbox 1642 862 1960 927; x_wconf 77' lang='lat' dir='ltr'>logetici13.</span> <span class='ocrx_word' id='word_1_147' title='bbox 1995 864 2070 913; x_wconf 89' lang='lat' dir='ltr'>ait</span> <span class='ocrx_word' id='word_1_148' title='bbox 2091 865 2198 930; x_wconf 85' lang='lat' dir='ltr'>ille,</span> <span class='ocrx_word' id='word_1_149' title='bbox 2229 869 2244 894; x_wconf 80' lang='lat'>⁸</span> <span class='ocrx_word' id='word_1_150' title='bbox 2270 867 2463 931; x_wconf 84' lang='lat' dir='ltr'>Digne.</span> <span class='ocrx_word' id='word_1_151' title='bbox 2486 869 2714 933; x_wconf 73' lang='lat' dir='ltr'>impera·</span> 
     </span>
     <span class='ocr_line' id='line_1_30' title="bbox 1645 939 2714 996; baseline 0.007 -8"><span class='ocrx_word' id='word_1_152' title='bbox 1645 939 1846 989; x_wconf 89' lang='lat' dir='ltr'>toribus</span> <span class='ocrx_word' id='word_1_153' title='bbox 1870 939 2132 992; x_wconf 87' lang='lat' dir='ltr'>defunctis</span> <span class='ocrx_word' id='word_1_154' title='bbox 2161 945 2402 994; x_wconf 87' lang='lat' dir='ltr'>honorem</span> <span class='ocrx_word' id='word_1_155' title='bbox 2423 945 2714 996; x_wconf 85' lang='lat' dir='ltr'>divinitatis</span> 
     </span>
     <span class='ocr_line' id='line_1_31' title="bbox 1645 1014 2717 1082; baseline 0.009 -20"><span class='ocrx_word' id='word_1_156' title='bbox 1645 1014 1854 1081; x_wconf 86' lang='lat' dir='ltr'>dicatis,</span> <span class='ocrx_word' id='word_1_157' title='bbox 1876 1017 2060 1082; x_wconf 89' lang='lat' dir='ltr'>quibus</span> <span class='ocrx_word' id='word_1_158' title='bbox 2079 1026 2135 1068; x_wconf 92' lang='lat' dir='ltr'>et</span> <span class='ocrx_word' id='word_1_159' title='bbox 2158 1020 2450 1070; x_wconf 82' lang='lat' dir='ltr'>viventibus</span> <span class='ocrx_word' id='word_1_160' title='bbox 2474 1035 2592 1070; x_wconf 89' lang='lat' dir='ltr'>eum</span> <span class='ocrx_word' id='word_1_161' title='bbox 2627 1022 2717 1072; x_wconf 81' lang='lat' dir='ltr'>ad·</span> 
     </span>
     <span class='ocr_line' id='line_1_32' title="bbox 1646 1092 2717 1162; baseline 0.006 -21"><span class='ocrx_word' id='word_1_162' title='bbox 1646 1092 1856 1143; x_wconf 69' lang='lat' dir='ltr'>dicitis!</span> <span class='ocrx_word' id='word_1_163' title='bbox 1925 1094 1997 1144; x_wconf 82' lang='lat' dir='ltr'>At</span> <span class='ocrx_word' id='word_1_164' title='bbox 2018 1109 2141 1145; x_wconf 78' lang='lat' dir='ltr'>vero</span> <span class='ocrx_word' id='word_1_165' title='bbox 2173 1096 2292 1162; x_wconf 86' lang='lat' dir='ltr'>quid</span> <span class='ocrx_word' id='word_1_166' title='bbox 2312 1096 2380 1146; x_wconf 90' lang='lat' dir='ltr'>de</span> <span class='ocrx_word' id='word_1_167' title='bbox 2414 1097 2717 1156; x_wconf 76' lang='lat' dir='ltr'>Octaviano</span> 
     </span>
     <span class='ocr_line' id='line_1_33' title="bbox 1644 1167 2717 1242; baseline 0.007 -23"><span class='ocrx_word' id='word_1_168' title='bbox 1644 1168 1910 1220; x_wconf 81' lang='lat' dir='ltr'>dicemus?</span> <span class='ocrx_word' id='word_1_169' title='bbox 1976 1171 2027 1221; x_wconf 90' lang='lat' dir='ltr'>N</span> <span class='ocrx_word' id='word_1_170' title='bbox 2033 1173 2246 1224; x_wconf 88' lang='lat' dir='ltr'>umisma</span> <span class='ocrx_word' id='word_1_171' title='bbox 2289 1188 2481 1224; x_wconf 78' lang='lat' dir='ltr'>oereum</span> <span class='ocrx_word' id='word_1_172' title='bbox 2527 1167 2717 1242; x_wconf 66' lang='lat' dir='ltr'>babeo,</span> 
     </span>
     <span class='ocr_line' id='line_1_34' title="bbox 1645 1245 2718 1319; baseline 0.008 -23"><span class='ocrx_word' id='word_1_173' title='bbox 1645 1262 1749 1313; x_wconf 89' lang='lat' dir='ltr'>qua</span> <span class='ocrx_word' id='word_1_174' title='bbox 1769 1245 1930 1298; x_wconf 83' lang='lat' dir='ltr'>facies</span> <span class='ocrx_word' id='word_1_175' title='bbox 1964 1250 2075 1314; x_wconf 85' lang='lat' dir='ltr'>ejus</span> <span class='ocrx_word' id='word_1_176' title='bbox 2110 1251 2349 1316; x_wconf 86' lang='lat' dir='ltr'>refertur,</span> <span class='ocrx_word' id='word_1_177' title='bbox 2388 1253 2464 1303; x_wconf 87' lang='lat' dir='ltr'>ita</span> <span class='ocrx_word' id='word_1_178' title='bbox 2496 1253 2718 1319; x_wconf 83' lang='lat' dir='ltr'>inscrip-</span> 
     </span>
     <span class='ocr_line' id='line_1_35' title="bbox 1643 1331 2717 1396; baseline 0.007 -22"><span class='ocrx_word' id='word_1_179' title='bbox 1643 1331 1774 1389; x_wconf 90' lang='lat' dir='ltr'>tum,</span> <span class='ocrx_word' id='word_1_180' title='bbox 1809 1339 1972 1377; x_wconf 84' lang='lat' dir='ltr'>mvus</span> <span class='ocrx_word' id='word_1_181' title='bbox 2012 1341 2282 1380; x_wconf 69' lang='lat' dir='ltr'>Auens-ms</span> <span class='ocrx_word' id='word_1_182' title='bbox 2322 1343 2536 1381; x_wconf 69' lang='lat' dir='ltr'>runa:</span> <span class='ocrx_word' id='word_1_183' title='bbox 2574 1333 2717 1396; x_wconf 87' lang='lat' dir='ltr'>qnod</span> 
     </span>
     <span class='ocr_line' id='line_1_36' title="bbox 1644 1406 2720 1472; baseline 0.007 -20"><span class='ocrx_word' id='word_1_184' title='bbox 1644 1413 1687 1453; x_wconf 88' lang='lat' dir='ltr'>s.</span> <span class='ocrx_word' id='word_1_185' title='bbox 1710 1415 1763 1452; x_wconf 88' lang='lat' dir='ltr'>c.</span> <span class='ocrx_word' id='word_1_186' title='bbox 1786 1418 1966 1454; x_wconf 89' lang='lat' dir='ltr'>cusum</span> <span class='ocrx_word' id='word_1_187' title='bbox 1989 1406 2082 1457; x_wconf 89' lang='lat' dir='ltr'>sub</span> <span class='ocrx_word' id='word_1_188' title='bbox 2119 1408 2299 1472; x_wconf 83' lang='lat' dir='ltr'>templi</span> <span class='ocrx_word' id='word_1_189' title='bbox 2331 1406 2510 1459; x_wconf 84' lang='lat' dir='ltr'>fronte</span> <span class='ocrx_word' id='word_1_190' title='bbox 2545 1409 2720 1472; x_wconf 79' lang='lat' dir='ltr'>provi-</span> 
     </span>
    </p>
   </div>
   <div class='ocr_carea' id='block_1_4' title="bbox 1644 1479 2820 1548">
    <p class='ocr_par' dir='ltr' id='par_1_6' title="bbox 1644 1479 2820 1548">
     <span class='ocr_line' id='line_1_37' title="bbox 1644 1479 2820 1548; baseline 0.01 -20"><span class='ocrx_word' id='word_1_191' title='bbox 1644 1479 1874 1531; x_wconf 84' lang='lat' dir='ltr'>dentiam</span> <span class='ocrx_word' id='word_1_192' title='bbox 1912 1482 2142 1548; x_wconf 79' lang='lat' dir='ltr'>Augusti</span> <span class='ocrx_word' id='word_1_193' title='bbox 2185 1490 2428 1537; x_wconf 83' lang='lat' dir='ltr'>testatur.</span> <span class='ocrx_word' id='word_1_194' title='bbox 2515 1486 2715 1539; x_wconf 83' lang='lat' dir='ltr'>Verum</span> <span class='ocrx_word' id='word_1_195' title='bbox 2816 1513 2820 1517; x_wconf 93' lang='lat'>·</span> 
     </span>
    </p>
   </div>
   <div class='ocr_carea' id='block_1_5' title="bbox 1646 1558 2719 1776">
    <p class='ocr_par' dir='ltr' id='par_1_7' title="bbox 1646 1558 2719 1776">
     <span class='ocr_line' id='line_1_38' title="bbox 1646 1558 2719 1628; baseline 0.007 -22"><span class='ocrx_word' id='word_1_196' title='bbox 1646 1558 1846 1622; x_wconf 80' lang='lat' dir='ltr'>opinari</span> <span class='ocrx_word' id='word_1_197' title='bbox 1885 1567 2092 1612; x_wconf 83' lang='lat' dir='ltr'>mortuo</span> <span class='ocrx_word' id='word_1_198' title='bbox 2127 1561 2378 1628; x_wconf 88' lang='lat' dir='ltr'>Angusto,</span> <span class='ocrx_word' id='word_1_199' title='bbox 2413 1563 2538 1613; x_wconf 90' lang='lat' dir='ltr'>dum</span> <span class='ocrx_word' id='word_1_200' title='bbox 2563 1578 2719 1614; x_wconf 87' lang='lat' dir='ltr'>cunc-</span> 
     </span>
     <span class='ocr_line' id='line_1_39' title="bbox 1648 1635 2719 1706; baseline 0.009 -24"><span class='ocrx_word' id='word_1_201' title='bbox 1648 1635 1851 1684; x_wconf 78' lang='lat' dir='ltr'>taretur</span> <span class='ocrx_word' id='word_1_202' title='bbox 1872 1637 2111 1687; x_wconf 88' lang='lat' dir='ltr'>Tiberius</span> <span class='ocrx_word' id='word_1_203' title='bbox 2129 1654 2192 1688; x_wconf 82' lang='lat' dir='ltr'>an</span> <span class='ocrx_word' id='word_1_204' title='bbox 2211 1639 2483 1704; x_wconf 87' lang='lat' dir='ltr'>imperinm</span> <span class='ocrx_word' id='word_1_205' title='bbox 2509 1641 2719 1706; x_wconf 85' lang='lat' dir='ltr'>accipe-</span> 
     </span>
     <span class='ocr_line' id='line_1_40' title="bbox 1646 1713 2716 1776; baseline 0.01 -16"><span class='ocrx_word' id='word_1_206' title='bbox 1646 1717 1748 1776; x_wconf 87' lang='lat' dir='ltr'>ret,</span> <span class='ocrx_word' id='word_1_207' title='bbox 1770 1713 2021 1764; x_wconf 88' lang='lat' dir='ltr'>Senatum</span> <span class='ocrx_word' id='word_1_208' title='bbox 2042 1715 2168 1766; x_wconf 84' lang='lat' dir='ltr'>illud</span> <span class='ocrx_word' id='word_1_209' title='bbox 2207 1719 2458 1770; x_wconf 80' lang='lat' dir='ltr'>numisma</span> <span class='ocrx_word' id='word_1_210' title='bbox 2499 1718 2716 1770; x_wconf 84' lang='lat' dir='ltr'>formari</span> 
     </span>
    </p>
   </div>
   <div class='ocr_carea' id='block_1_6' title="bbox 1638 1788 2717 1862">
    <p class='ocr_par' dir='ltr' id='par_1_8' title="bbox 1638 1788 2717 1862">
     <span class='ocr_line' id='line_1_41' title="bbox 1638 1788 2717 1862; baseline 0.008 -25"><span class='ocrx_word' id='word_1_211' title='bbox 1638 1788 1880 1854; x_wconf 85' lang='lat' dir='ltr'>jussisse,</span> <span class='ocrx_word' id='word_1_212' title='bbox 1898 1793 2079 1843; x_wconf 87' lang='lat' dir='ltr'>melius</span> <span class='ocrx_word' id='word_1_213' title='bbox 2098 1795 2198 1844; x_wconf 85' lang='lat' dir='ltr'>erit</span> <span class='ocrx_word' id='word_1_214' title='bbox 2221 1802 2276 1844; x_wconf 93' lang='lat' dir='ltr'>et</span> <span class='ocrx_word' id='word_1_215' title='bbox 2298 1795 2480 1847; x_wconf 88' lang='lat' dir='ltr'>tutius.</span> <span class='ocrx_word' id='word_1_216' title='bbox 2525 1797 2717 1862; x_wconf 81' lang='lat' dir='ltr'>Neque</span> 
     </span>
    </p>
   </div>
   <div class='ocr_carea' id='block_1_7' title="bbox 1646 1869 2720 2320">
    <p class='ocr_par' dir='ltr' id='par_1_9' title="bbox 1646 1869 2720 2320">
     <span class='ocr_line' id='line_1_42' title="bbox 1649 1869 2718 1939; baseline 0.01 -25"><span class='ocrx_word' id='word_1_217' title='bbox 1649 1880 1774 1916; x_wconf 85' lang='lat' dir='ltr'>vero</span> <span class='ocrx_word' id='word_1_218' title='bbox 1806 1869 1911 1918; x_wconf 88' lang='lat' dir='ltr'>scio</span> <span class='ocrx_word' id='word_1_219' title='bbox 1933 1882 1998 1918; x_wconf 87' lang='lat' dir='ltr'>an</span> <span class='ocrx_word' id='word_1_220' title='bbox 2020 1870 2098 1919; x_wconf 91' lang='lat' dir='ltr'>illi</span> <span class='ocrx_word' id='word_1_221' title='bbox 2121 1873 2356 1922; x_wconf 82' lang='lat' dir='ltr'>assentiri</span> <span class='ocrx_word' id='word_1_222' title='bbox 2380 1873 2604 1924; x_wconf 83' lang='lat' dir='ltr'>debeam</span> <span class='ocrx_word' id='word_1_223' title='bbox 2628 1873 2718 1939; x_wconf 88' lang='lat' dir='ltr'>qui</span> 
     </span>
     <span class='ocr_line' id='line_1_43' title="bbox 1646 1942 2719 2017; baseline 0.011 -25"><span class='ocrx_word' id='word_1_224' title='bbox 1646 1942 1966 1996; x_wconf 86' lang='lat' dir='ltr'>Antoninum</span> <span class='ocrx_word' id='word_1_225' title='bbox 2000 1947 2152 1998; x_wconf 90' lang='lat' dir='ltr'>Pium</span> <span class='ocrx_word' id='word_1_226' title='bbox 2175 1950 2356 2000; x_wconf 80' lang='lat' dir='ltr'>Divum</span> <span class='ocrx_word' id='word_1_227' title='bbox 2391 1954 2719 2017; x_wconf 86' lang='lat' dir='ltr'>appellatum</span> 
     </span>
     <span class='ocr_line' id='line_1_44' title="bbox 1649 2021 2719 2090; baseline 0.01 -20"><span class='ocrx_word' id='word_1_228' title='bbox 1649 2022 1849 2086; x_wconf 89' lang='lat' dir='ltr'>scribit,</span> <span class='ocrx_word' id='word_1_229' title='bbox 1885 2024 2034 2074; x_wconf 88' lang='lat' dir='ltr'>initio</span> <span class='ocrx_word' id='word_1_230' title='bbox 2071 2021 2274 2090; x_wconf 82' lang='lat' dir='ltr'>imperii</span> <span class='ocrx_word' id='word_1_231' title='bbox 2298 2028 2406 2079; x_wconf 85' lang='lat' dir='ltr'>sui:</span> <span class='ocrx_word' id='word_1_232' title='bbox 2445 2036 2530 2080; x_wconf 87' lang='lat' dir='ltr'>est</span> <span class='ocrx_word' id='word_1_233' title='bbox 2569 2037 2719 2082; x_wconf 88' lang='lat' dir='ltr'>certe</span> 
     </span>
     <span class='ocr_line' id='line_1_45' title="bbox 1648 2101 2720 2173; baseline 0.008 -24"><span class='ocrx_word' id='word_1_234' title='bbox 1648 2101 1787 2164; x_wconf 85' lang='lat' dir='ltr'>apud</span> <span class='ocrx_word' id='word_1_235' title='bbox 1811 2117 1893 2152; x_wconf 88' lang='lat' dir='ltr'>me</span> <span class='ocrx_word' id='word_1_236' title='bbox 1916 2119 2097 2154; x_wconf 87' lang='lat' dir='ltr'>numus</span> <span class='ocrx_word' id='word_1_237' title='bbox 2119 2105 2206 2172; x_wconf 89' lang='lat' dir='ltr'>qui</span> <span class='ocrx_word' id='word_1_238' title='bbox 2224 2121 2341 2156; x_wconf 90' lang='lat' dir='ltr'>enm</span> <span class='ocrx_word' id='word_1_239' title='bbox 2364 2107 2482 2157; x_wconf 75' lang='lat' dir='ltr'>Divi</span> <span class='ocrx_word' id='word_1_240' title='bbox 2501 2107 2720 2173; x_wconf 82' lang='lat' dir='ltr'>inscrip-</span> 
     </span>
     <span class='ocr_line' id='line_1_46' title="bbox 1649 2178 2717 2251; baseline 0.008 -23"><span class='ocrx_word' id='word_1_241' title='bbox 1649 2178 1812 2238; x_wconf 79' lang='lat' dir='ltr'>tione,</span> <span class='ocrx_word' id='word_1_242' title='bbox 1844 2179 1951 2244; x_wconf 87' lang='lat' dir='ltr'>ejus</span> <span class='ocrx_word' id='word_1_243' title='bbox 1977 2179 2165 2232; x_wconf 84' lang='lat' dir='ltr'>faciem</span> <span class='ocrx_word' id='word_1_244' title='bbox 2187 2183 2348 2234; x_wconf 84' lang='lat' dir='ltr'>oculis</span> <span class='ocrx_word' id='word_1_245' title='bbox 2372 2185 2717 2251; x_wconf 81' lang='lat' dir='ltr'>spectandam</span> 
     </span>
     <span class='ocr_line' id='line_1_47' title="bbox 1650 2255 2212 2320; baseline 0.011 -15"><span class='ocrx_word' id='word_1_246' title='bbox 1650 2255 1873 2320; x_wconf 81' lang='lat' dir='ltr'>praebet.</span> <span class='ocrx_word' id='word_1_247' title='bbox 1915 2256 2212 2312; x_wconf 59' lang='lat' dir='ltr'>Ver-tranium</span> 
     </span>
    </p>
   </div>
   <div class='ocr_carea' id='block_1_8' title="bbox 890 2856 2712 2997">
    <p class='ocr_par' dir='ltr' id='par_1_10' title="bbox 890 2856 2712 2997">
     <span class='ocr_line' id='line_1_48' title="bbox 890 2856 2712 2997; baseline 0.008 -17"><span class='ocrx_word' id='word_1_248' title='bbox 890 2856 1623 2986; x_wconf 50' lang='lat' dir='ltr'><strong>”ANNA&#39;LIUM</strong></span> <span class='ocrx_word' id='word_1_249' title='bbox 1692 2912 1932 2988; x_wconf 77' lang='lat' dir='ltr'>Lm.</span> <span class='ocrx_word' id='word_1_250' title='bbox 2005 2913 2255 2991; x_wconf 77' lang='lat' dir='ltr'>xvi.</span> <span class='ocrx_word' id='word_1_251' title='bbox 2670 2887 2712 2997; x_wconf 73' lang='grc'>.’</span> 
     </span>
    </p>
   </div>
   <div class='ocr_carea' id='block_1_9' title="bbox 498 3143 1583 4280">
    <p class='ocr_par' dir='ltr' id='par_1_11' title="bbox 508 3143 1580 3287">
     <span class='ocr_line' id='line_1_49' title="bbox 576 3143 1580 3212; baseline 0.011 -19"><span class='ocrx_word' id='word_1_252' title='bbox 576 3143 712 3195; x_wconf 66' lang='lat' dir='ltr'>Car.</span> <span class='ocrx_word' id='word_1_253' title='bbox 736 3149 783 3194; x_wconf 87' lang='lat'>1.</span> <span class='ocrx_word' id='word_1_254' title='bbox 819 3144 890 3194; x_wconf 77' lang='lat' dir='ltr'>Et</span> <span class='ocrx_word' id='word_1_255' title='bbox 909 3147 1165 3212; x_wconf 77' lang='lat' dir='ltr'>promissa]</span> <span class='ocrx_word' id='word_1_256' title='bbox 1216 3150 1304 3200; x_wconf 82' lang='lat' dir='ltr'>Ita</span> <span class='ocrx_word' id='word_1_257' title='bbox 1349 3153 1494 3202; x_wconf 87' lang='lat' dir='ltr'>Flor.</span> <span class='ocrx_word' id='word_1_258' title='bbox 1518 3167 1580 3204; x_wconf 86' lang='lat' dir='ltr'>ac</span> 
     </span>
     <span class='ocr_line' id='line_1_50' title="bbox 508 3218 1525 3287; baseline 0.014 -21"><span class='ocrx_word' id='word_1_259' title='bbox 508 3218 642 3270; x_wconf 71' lang='lat' dir='ltr'>ven.</span> <span class='ocrx_word' id='word_1_260' title='bbox 710 3219 901 3284; x_wconf 82' lang='lat' dir='ltr'>Vulgo,</span> <span class='ocrx_word' id='word_1_261' title='bbox 923 3237 984 3271; x_wconf 81' lang='lat' dir='ltr'>ex</span> <span class='ocrx_word' id='word_1_262' title='bbox 993 3227 1234 3287; x_wconf 74' lang='lat' dir='ltr'>promisso.</span> <span class='ocrx_word' id='word_1_263' title='bbox 1272 3227 1525 3280; x_wconf 85' lang='lat' dir='ltr'>Pichena.</span> 
     </span>
    </p>

    <p class='ocr_par' dir='ltr' id='par_1_12' title="bbox 511 3295 1579 3428">
     <span class='ocr_line' id='line_1_51' title="bbox 577 3295 1579 3366; baseline 0.015 -24"><span class='ocrx_word' id='word_1_264' title='bbox 577 3295 770 3344; x_wconf 75' lang='lat' dir='ltr'>Cesells&#39;i</span> <span class='ocrx_word' id='word_1_265' title='bbox 793 3297 964 3360; x_wconf 78' lang='lat' dir='ltr'>Bassi]</span> <span class='ocrx_word' id='word_1_266' title='bbox 1021 3298 1076 3348; x_wconf 85' lang='lat' dir='ltr'>Is</span> <span class='ocrx_word' id='word_1_267' title='bbox 1115 3315 1275 3366; x_wconf 86' lang='lat' dir='ltr'>eques</span> <span class='ocrx_word' id='word_1_268' title='bbox 1317 3305 1579 3356; x_wconf 83' lang='lat' dir='ltr'>Romanus</span> 
     </span>
     <span class='ocr_line' id='line_1_52' title="bbox 511 3371 1282 3428; baseline 0.009 -8"><span class='ocrx_word' id='word_1_269' title='bbox 511 3375 594 3420; x_wconf 78' lang='lat' dir='ltr'>est</span> <span class='ocrx_word' id='word_1_270' title='bbox 611 3371 758 3420; x_wconf 81' lang='lat' dir='ltr'>Suet.</span> <span class='ocrx_word' id='word_1_271' title='bbox 782 3373 912 3422; x_wconf 81' lang='lat' dir='ltr'>Ner.</span> <span class='ocrx_word' id='word_1_272' title='bbox 934 3378 1016 3423; x_wconf 77' lang='lat'>31.</span> <span class='ocrx_word' id='word_1_273' title='bbox 1060 3375 1282 3428; x_wconf 78' lang='lat' dir='ltr'>Vertran.</span> 
     </span>
    </p>

    <p class='ocr_par' dir='ltr' id='par_1_13' title="bbox 498 3448 1583 4280">
     <span class='ocr_line' id='line_1_53' title="bbox 582 3448 1579 3524; baseline 0.023 -34"><span class='ocrx_word' id='word_1_274' title='bbox 582 3448 698 3500; x_wconf 53' lang='lat' dir='ltr'>Ques</span> <span class='ocrx_word' id='word_1_275' title='bbox 734 3468 818 3508; x_wconf 36' lang='lat' dir='ltr'>‚ps-r</span> <span class='ocrx_word' id='word_1_276' title='bbox 842 3456 1026 3501; x_wconf 69' lang='lat' dir='ltr'>tuntum</span> <span class='ocrx_word' id='word_1_277' title='bbox 1057 3454 1149 3502; x_wconf 81' lang='lat' dir='ltr'>oevi</span> <span class='ocrx_word' id='word_1_278' title='bbox 1180 3459 1376 3521; x_wconf 66' lang='lat' dir='ltr'>accrate,</span> <span class='ocrx_word' id='word_1_279' title='bbox 1398 3475 1579 3524; x_wconf 77' lang='lat' dir='ltr'>augen-</span> 
     </span>
     <span class='ocr_line' id='line_1_54' title="bbox 510 3528 1577 3599; baseline 0.016 -27"><span class='ocrx_word' id='word_1_280' title='bbox 510 3528 586 3572; x_wconf 65' lang='lat' dir='ltr'>dis</span> <span class='ocrx_word' id='word_1_281' title='bbox 605 3532 907 3588; x_wconf 62' lang='lat' dir='ltr'>pmsvsstffius</span> <span class='ocrx_word' id='word_1_282' title='bbox 926 3530 1060 3580; x_wconf 68' lang='lat' dir='ltr'>bom&#39;s</span> <span class='ocrx_word' id='word_1_283' title='bbox 1070 3534 1324 3599; x_wconf 76' lang='lat' dir='ltr'>latuerint]</span> <span class='ocrx_word' id='word_1_284' title='bbox 1346 3538 1577 3589; x_wconf 81' lang='lat' dir='ltr'>Verbum</span> 
     </span>
     <span class='ocr_line' id='line_1_55' title="bbox 510 3604 1577 3666; baseline 0.018 -20"><span class='ocrx_word' id='word_1_285' title='bbox 510 3604 730 3648; x_wconf 63' lang='lat' dir='ltr'>Intus-rint</span> <span class='ocrx_word' id='word_1_286' title='bbox 754 3620 805 3652; x_wconf 83' lang='lat' dir='ltr'>n</span> <span class='ocrx_word' id='word_1_287' title='bbox 790 3624 802 3648; x_wconf 66' lang='lat' dir='ltr'><em>s</em></span> <span class='ocrx_word' id='word_1_288' title='bbox 806 3620 854 3652; x_wconf 85' lang='lat' dir='ltr'>n</span> <span class='ocrx_word' id='word_1_289' title='bbox 872 3612 951 3655; x_wconf 89' lang='lat' dir='ltr'>est</span> <span class='ocrx_word' id='word_1_290' title='bbox 971 3607 1023 3655; x_wconf 91' lang='lat' dir='ltr'>in</span> <span class='ocrx_word' id='word_1_291' title='bbox 1044 3610 1303 3661; x_wconf 86' lang='lat' dir='ltr'>volumine</span> <span class='ocrx_word' id='word_1_292' title='bbox 1317 3614 1577 3666; x_wconf 81' lang='lat' dir='ltr'>Budensi.</span> 
     </span>
     <span class='ocr_line' id='line_1_56' title="bbox 514 3683 1578 3752; baseline 0.02 -30"><span class='ocrx_word' id='word_1_293' title='bbox 514 3688 666 3740; x_wconf 59' lang='lat' dir='ltr'>atque</span> <span class='ocrx_word' id='word_1_294' title='bbox 706 3692 879 3740; x_wconf 68' lang='lat' dir='ltr'>potest</span> <span class='ocrx_word' id='word_1_295' title='bbox 910 3683 1109 3750; x_wconf 84' lang='lat' dir='ltr'>abesse,</span> <span class='ocrx_word' id='word_1_296' title='bbox 1142 3687 1185 3735; x_wconf 87' lang='lat' dir='ltr'>si</span> <span class='ocrx_word' id='word_1_297' title='bbox 1224 3689 1339 3752; x_wconf 85' lang='lat' dir='ltr'>quis</span> <span class='ocrx_word' id='word_1_298' title='bbox 1361 3692 1578 3742; x_wconf 82' lang='lat' dir='ltr'>verbum</span> 
     </span>
     <span class='ocr_line' id='line_1_57' title="bbox 498 3756 1577 3835; baseline 0.017 -33"><span class='ocrx_word' id='word_1_299' title='bbox 498 3756 730 3812; x_wconf 56' lang='lat' dir='ltr'>,fusi-rute,</span> <span class='ocrx_word' id='word_1_300' title='bbox 714 3760 1085 3824; x_wconf 63' lang='lat' dir='ltr'>subintelligat,</span> <span class='ocrx_word' id='word_1_301' title='bbox 1126 3771 1216 3814; x_wconf 89' lang='lat' dir='ltr'>aut</span> <span class='ocrx_word' id='word_1_302' title='bbox 1240 3766 1407 3816; x_wconf 83' lang='lat' dir='ltr'>simile</span> <span class='ocrx_word' id='word_1_303' title='bbox 1428 3770 1577 3835; x_wconf 85' lang='lat' dir='ltr'>quip-</span> 
     </span>
     <span class='ocr_line' id='line_1_58' title="bbox 514 3832 1578 3910; baseline 0.019 -32"><span class='ocrx_word' id='word_1_304' title='bbox 514 3832 666 3892; x_wconf 71' lang='lat' dir='ltr'>piam.</span> <span class='ocrx_word' id='word_1_305' title='bbox 738 3836 818 3880; x_wconf 68' lang='lat' dir='ltr'>De</span> <span class='ocrx_word' id='word_1_306' title='bbox 858 3851 958 3900; x_wconf 80' lang='lat' dir='ltr'>quo</span> <span class='ocrx_word' id='word_1_307' title='bbox 993 3840 1169 3888; x_wconf 89' lang='lat' dir='ltr'>monui</span> <span class='ocrx_word' id='word_1_308' title='bbox 1207 3842 1474 3910; x_wconf 87' lang='lat' dir='ltr'>lectorem,</span> <span class='ocrx_word' id='word_1_309' title='bbox 1519 3855 1578 3898; x_wconf 89' lang='lat' dir='ltr'>ut</span> 
     </span>
     <span class='ocr_line' id='line_1_59' title="bbox 518 3912 1578 3976; baseline 0.017 -20"><span class='ocrx_word' id='word_1_310' title='bbox 518 3912 706 3972; x_wconf 45' lang='lat' dir='ltr'>rideat</span> <span class='ocrx_word' id='word_1_311' title='bbox 742 3931 887 3976; x_wconf 67' lang='lat' dir='ltr'>quam</span> <span class='ocrx_word' id='word_1_312' title='bbox 912 3917 1077 3965; x_wconf 83' lang='lat' dir='ltr'>multa</span> <span class='ocrx_word' id='word_1_313' title='bbox 1099 3919 1205 3969; x_wconf 88' lang='lat' dir='ltr'>siut</span> <span class='ocrx_word' id='word_1_314' title='bbox 1229 3921 1282 3969; x_wconf 87' lang='lat' dir='ltr'>iu</span> <span class='ocrx_word' id='word_1_315' title='bbox 1308 3924 1578 3974; x_wconf 81' lang='lat' dir='ltr'>autoribus</span> 
     </span>
     <span class='ocr_line' id='line_1_60' title="bbox 510 3992 1576 4064; baseline 0.015 -30"><span class='ocrx_word' id='word_1_316' title='bbox 510 3992 698 4048; x_wconf 74' lang='lat' dir='ltr'>passim</span> <span class='ocrx_word' id='word_1_317' title='bbox 740 3992 1067 4054; x_wconf 70' lang='lat' dir='ltr'>interpolata.</span> <span class='ocrx_word' id='word_1_318' title='bbox 1114 3994 1331 4046; x_wconf 70' lang='lat' dir='ltr'>Rhenum.</span> <span class='ocrx_word' id='word_1_319' title='bbox 1399 4001 1576 4064; x_wconf 82' lang='lat' dir='ltr'>Verbo</span> 
     </span>
     <span class='ocr_line' id='line_1_61' title="bbox 510 4068 1583 4139; baseline 0.016 -28"><span class='ocrx_word' id='word_1_320' title='bbox 510 4068 706 4112; x_wconf 72' lang='lat' dir='ltr'>auctior</span> <span class='ocrx_word' id='word_1_321' title='bbox 730 4068 993 4118; x_wconf 49' lang='lat' dir='ltr'>muretus:</span> <span class='ocrx_word' id='word_1_322' title='bbox 1017 4074 1250 4133; x_wconf 76' lang='lat' dir='ltr'>augendis</span> <span class='ocrx_word' id='word_1_323' title='bbox 1265 4079 1583 4139; x_wconf 67' lang='lat' dir='ltr'>proesentibus</span> 
     </span>
     <span class='ocr_line' id='line_1_62' title="bbox 510 4140 1577 4220; baseline 0.018 -34"><span class='ocrx_word' id='word_1_324' title='bbox 510 4140 642 4188; x_wconf 63' lang='lat' dir='ltr'>isonis</span> <span class='ocrx_word' id='word_1_325' title='bbox 666 4144 888 4192; x_wconf 59' lang='lat' dir='ltr'>cummis-at</span> <span class='ocrx_word' id='word_1_326' title='bbox 907 4162 924 4194; x_wconf 88' lang='lat'>.-</span> <span class='ocrx_word' id='word_1_327' title='bbox 957 4149 1048 4196; x_wconf 86' lang='lat' dir='ltr'>sed</span> <span class='ocrx_word' id='word_1_328' title='bbox 1074 4150 1327 4211; x_wconf 74' lang='lat' dir='ltr'>glossema</span> <span class='ocrx_word' id='word_1_329' title='bbox 1348 4153 1577 4220; x_wconf 82' lang='lat' dir='ltr'>videtur,</span> 
     </span>
     <span class='ocr_line' id='line_1_63' title="bbox 514 4220 1229 4280; baseline 0.015 -12"><span class='ocrx_word' id='word_1_330' title='bbox 514 4224 570 4268; x_wconf 70' lang='lat' dir='ltr'>et</span> <span class='ocrx_word' id='word_1_331' title='bbox 590 4232 618 4268; x_wconf 77' lang='lat' dir='ltr'>u</span> <span class='ocrx_word' id='word_1_332' title='bbox 642 4220 778 4268; x_wconf 65' lang='lat' dir='ltr'>Flos.</span> <span class='ocrx_word' id='word_1_333' title='bbox 802 4224 967 4272; x_wconf 69' lang='lat' dir='ltr'>abest.</span> <span class='ocrx_word' id='word_1_334' title='bbox 1001 4226 1229 4280; x_wconf 72' lang='lat' dir='ltr'>Pichem.</span> 
     </span>
    </p>
   </div>
   <div class='ocr_carea' id='block_1_10' title="bbox 582 4296 1578 4378">
    <p class='ocr_par' dir='ltr' id='par_1_14' title="bbox 582 4296 1578 4378">
     <span class='ocr_line' id='line_1_64' title="bbox 582 4296 1578 4378; baseline 0.022 -35"><span class='ocrx_word' id='word_1_335' title='bbox 582 4296 802 4348; x_wconf 69' lang='lat' dir='ltr'>Ceterum</span> <span class='ocrx_word' id='word_1_336' title='bbox 845 4304 899 4348; x_wconf 67' lang='lat' dir='ltr'>ut</span> <span class='ocrx_word' id='word_1_337' title='bbox 946 4302 1214 4364; x_wconf 55' lang='lat' dir='ltr'>corycum</span> <span class='ocrx_word' id='word_1_338' title='bbox 1262 4310 1578 4378; x_wconf 72' lang='lat' dir='ltr'>demonstrat]</span> 
     </span>
    </p>
   </div>
   <div class='ocr_carea' id='block_1_11' title="bbox 1651 3156 2763 4371">
    <p class='ocr_par' dir='ltr' id='par_1_15' title="bbox 1653 3156 2763 3606">
     <span class='ocr_line' id='line_1_65' title="bbox 1655 3156 2763 3229; baseline 0.004 -21"><span class='ocrx_word' id='word_1_339' title='bbox 1655 3156 1818 3222; x_wconf 78' lang='lat' dir='ltr'>Lego,</span> <span class='ocrx_word' id='word_1_340' title='bbox 1837 3160 2141 3210; x_wconf 72' lang='lat' dir='ltr'>demonstret.</span> <span class='ocrx_word' id='word_1_341' title='bbox 2209 3159 2400 3211; x_wconf 83' lang='lat' dir='ltr'>Refert</span> <span class='ocrx_word' id='word_1_342' title='bbox 2419 3161 2560 3212; x_wconf 89' lang='lat' dir='ltr'>enim</span> <span class='ocrx_word' id='word_1_343' title='bbox 2587 3161 2720 3214; x_wconf 80' lang='lat' dir='ltr'>obli-</span> <span class='ocrx_word' id='word_1_344' title='bbox 2758 3223 2763 3229; x_wconf 21' lang='grc' dir='ltr'><strong><em>ε</em></strong></span> 
     </span>
     <span class='ocr_line' id='line_1_66' title="bbox 1654 3235 2718 3298; baseline 0.008 -16"><span class='ocrx_word' id='word_1_345' title='bbox 1654 3249 1755 3298; x_wconf 86' lang='lat' dir='ltr'>que</span> <span class='ocrx_word' id='word_1_346' title='bbox 1773 3235 1983 3286; x_wconf 85' lang='lat' dir='ltr'>Tacitus</span> <span class='ocrx_word' id='word_1_347' title='bbox 2006 3237 2289 3287; x_wconf 80' lang='lat' dir='ltr'>orationem</span> <span class='ocrx_word' id='word_1_348' title='bbox 2313 3239 2540 3289; x_wconf 83' lang='lat' dir='ltr'>Ceseilii.</span> <span class='ocrx_word' id='word_1_349' title='bbox 2577 3241 2718 3291; x_wconf 70' lang='lat' dir='ltr'>Aeta.</span> 
     </span>
     <span class='ocr_line' id='line_1_67' title="bbox 1659 3311 2722 3381; baseline 0.006 -21"><span class='ocrx_word' id='word_1_350' title='bbox 1659 3311 1729 3361; x_wconf 75' lang='lat' dir='ltr'>Ut</span> <span class='ocrx_word' id='word_1_351' title='bbox 1747 3312 2010 3373; x_wconf 64' lang='lat' dir='ltr'>conjectura</span> <span class='ocrx_word' id='word_1_352' title='bbox 2026 3316 2340 3364; x_wconf 71' lang='lat' dir='ltr'>denmstrete</span> <span class='ocrx_word' id='word_1_353' title='bbox 2372 3316 2449 3366; x_wconf 79' lang='lat' dir='ltr'>ita</span> <span class='ocrx_word' id='word_1_354' title='bbox 2468 3316 2575 3381; x_wconf 79' lang='lat' dir='ltr'>legi</span> <span class='ocrx_word' id='word_1_355' title='bbox 2609 3331 2722 3381; x_wconf 75' lang='lat' dir='ltr'>pos-</span> 
     </span>
     <span class='ocr_line' id='line_1_68' title="bbox 1653 3388 2720 3465; baseline 0.009 -29"><span class='ocrx_word' id='word_1_356' title='bbox 1653 3388 1790 3437; x_wconf 82' lang='lat' dir='ltr'>tulat</span> <span class='ocrx_word' id='word_1_357' title='bbox 1829 3396 1967 3438; x_wconf 87' lang='lat' dir='ltr'>totus</span> <span class='ocrx_word' id='word_1_358' title='bbox 2001 3391 2128 3441; x_wconf 87' lang='lat' dir='ltr'>ordo</span> <span class='ocrx_word' id='word_1_359' title='bbox 2161 3394 2434 3444; x_wconf 77' lang='lat' dir='ltr'>narrandi:</span> <span class='ocrx_word' id='word_1_360' title='bbox 2469 3394 2720 3465; x_wconf 73' lang='lat' dir='ltr'>hactenns</span> 
     </span>
     <span class='ocr_line' id='line_1_69' title="bbox 1653 3464 2722 3535; baseline 0.007 -21"><span class='ocrx_word' id='word_1_361' title='bbox 1653 3464 1926 3530; x_wconf 87' lang='lat' dir='ltr'>edebatur,</span> <span class='ocrx_word' id='word_1_362' title='bbox 1947 3469 2253 3535; x_wconf 61' lang='lat' dir='ltr'>‹immi-at,</span> <span class='ocrx_word' id='word_1_363' title='bbox 2274 3477 2460 3521; x_wconf 90' lang='lat' dir='ltr'>contra</span> <span class='ocrx_word' id='word_1_364' title='bbox 2473 3469 2722 3535; x_wconf 72' lang='lat' dir='ltr'>loquendi</span> 
     </span>
     <span class='ocr_line' id='line_1_70' title="bbox 1653 3543 2144 3606; baseline 0.004 -13"><span class='ocrx_word' id='word_1_365' title='bbox 1653 3543 1818 3606; x_wconf 78' lang='lat' dir='ltr'>leges.</span> <span class='ocrx_word' id='word_1_366' title='bbox 1852 3544 2144 3595; x_wconf 71' lang='lat' dir='ltr'>Freinshem-</span> 
     </span>
    </p>

    <p class='ocr_par' dir='ltr' id='par_1_16' title="bbox 1651 3587 2722 4371">
     <span class='ocr_line' id='line_1_71' title="bbox 1722 3587 2718 3732; baseline 0.005 -62"><span class='ocrx_word' id='word_1_367' title='bbox 1722 3619 1856 3670; x_wconf 64' lang='lat' dir='ltr'>cm</span> <span class='ocrx_word' id='word_1_368' title='bbox 1881 3625 1932 3671; x_wconf 74' lang='lat'>2.</span> <span class='ocrx_word' id='word_1_369' title='bbox 1966 3622 2072 3671; x_wconf 78' lang='lat' dir='ltr'>Nec</span> <span class='ocrx_word' id='word_1_370' title='bbox 2109 3623 2267 3672; x_wconf 77' lang='lat' dir='ltr'>missis</span> <span class='ocrx_word' id='word_1_371' title='bbox 2302 3587 2558 3732; x_wconf 60' lang='lat' dir='ltr'>nisoribus‘]</span> <span class='ocrx_word' id='word_1_372' title='bbox 2602 3624 2718 3676; x_wconf 76' lang='lat' dir='ltr'>Nisi</span> 
     </span>
     <span class='ocr_line' id='line_1_72' title="bbox 1651 3698 2720 3766; baseline 0.005 -18"><span class='ocrx_word' id='word_1_373' title='bbox 1651 3699 1894 3762; x_wconf 80' lang='lat' dir='ltr'>legissem</span> <span class='ocrx_word' id='word_1_374' title='bbox 1939 3698 2130 3751; x_wconf 86' lang='lat' dir='ltr'>Annal.</span> <span class='ocrx_word' id='word_1_375' title='bbox 2173 3702 2266 3752; x_wconf 83' lang='lat' dir='ltr'>lib.</span> <span class='ocrx_word' id='word_1_376' title='bbox 2300 3703 2487 3766; x_wconf 88' lang='lat' dir='ltr'>primo,</span> <span class='ocrx_word' id='word_1_377' title='bbox 2519 3703 2720 3753; x_wconf 84' lang='lat' dir='ltr'>‘simul</span> 
     </span>
     <span class='ocr_line' id='line_1_73' title="bbox 1654 3775 2720 3842; baseline 0.004 -18"><span class='ocrx_word' id='word_1_378' title='bbox 1654 3775 1894 3839; x_wconf 82' lang='lat' dir='ltr'>Segestes</span> <span class='ocrx_word' id='word_1_379' title='bbox 1934 3777 2047 3840; x_wconf 87' lang='lat' dir='ltr'>ipse</span> <span class='ocrx_word' id='word_1_380' title='bbox 2083 3779 2265 3842; x_wconf 78' lang='lat' dir='ltr'>ingens</span> <span class='ocrx_word' id='word_1_381' title='bbox 2303 3778 2448 3828; x_wconf 69' lang='lat' dir='ltr'>visu!</span> <span class='ocrx_word' id='word_1_382' title='bbox 2515 3779 2720 3831; x_wconf 81' lang='lat' dir='ltr'>Deinde</span> 
     </span>
     <span class='ocr_line' id='line_1_74' title="bbox 1656 3851 2721 3907; baseline 0.007 -7"><span class='ocrx_word' id='word_1_383' title='bbox 1656 3851 1746 3902; x_wconf 75' lang='lat' dir='ltr'>lib.</span> <span class='ocrx_word' id='word_1_384' title='bbox 1769 3866 1857 3903; x_wconf 84' lang='lat' dir='ltr'>m.</span> <span class='ocrx_word' id='word_1_385' title='bbox 1900 3857 1916 3882; x_wconf 89' lang='lat'>‘</span> <span class='ocrx_word' id='word_1_386' title='bbox 1939 3856 2009 3905; x_wconf 95' lang='lat' dir='ltr'>Et</span> <span class='ocrx_word' id='word_1_387' title='bbox 2045 3861 2127 3906; x_wconf 89' lang='lat' dir='ltr'>tot</span> <span class='ocrx_word' id='word_1_388' title='bbox 2164 3856 2483 3906; x_wconf 83' lang='lat' dir='ltr'>adstantium</span> <span class='ocrx_word' id='word_1_389' title='bbox 2522 3856 2721 3907; x_wconf 82' lang='lat' dir='ltr'>visum.&#39;</span> 
     </span>
     <span class='ocr_line' id='line_1_75' title="bbox 1656 3929 2722 3997; baseline 0.006 -20"><span class='ocrx_word' id='word_1_390' title='bbox 1656 3929 1880 3978; x_wconf 84' lang='lat' dir='ltr'>Rursum</span> <span class='ocrx_word' id='word_1_391' title='bbox 1921 3932 1956 3981; x_wconf 87' lang='grc' dir='ltr'>Ι.</span> <span class='ocrx_word' id='word_1_392' title='bbox 1981 3946 2058 3983; x_wconf 75' lang='grc' dir='ltr'>ιν.</span> <span class='ocrx_word' id='word_1_393' title='bbox 2094 3935 2111 3962; x_wconf 88' lang='lat'>‘</span> <span class='ocrx_word' id='word_1_394' title='bbox 2135 3934 2474 3997; x_wconf 73' lang='lat' dir='ltr'>Numer-oque</span> <span class='ocrx_word' id='word_1_395' title='bbox 2497 3941 2555 3983; x_wconf 84' lang='lat' dir='ltr'>et</span> <span class='ocrx_word' id='word_1_396' title='bbox 2575 3934 2722 3983; x_wconf 86' lang='lat' dir='ltr'>robo-</span> 
     </span>
     <span class='ocr_line' id='line_1_76' title="bbox 1654 4009 2719 4074; baseline 0.004 -18"><span class='ocrx_word' id='word_1_397' title='bbox 1654 4021 1731 4070; x_wconf 90' lang='lat' dir='ltr'>re,</span> <span class='ocrx_word' id='word_1_398' title='bbox 1775 4015 1831 4057; x_wconf 90' lang='lat' dir='ltr'>et</span> <span class='ocrx_word' id='word_1_399' title='bbox 1866 4009 1974 4058; x_wconf 84' lang='lat' dir='ltr'>visu</span> <span class='ocrx_word' id='word_1_400' title='bbox 2005 4010 2140 4059; x_wconf 82' lang='lat' dir='ltr'>inter</span> <span class='ocrx_word' id='word_1_401' title='bbox 2173 4025 2248 4073; x_wconf 88' lang='lat' dir='ltr'>se,</span> <span class='ocrx_word' id='word_1_402' title='bbox 2279 4009 2471 4060; x_wconf 84' lang='lat' dir='ltr'>fidncia</span> <span class='ocrx_word' id='word_1_403' title='bbox 2492 4011 2636 4074; x_wconf 79' lang='lat' dir='ltr'>ipsis,</span> <span class='ocrx_word' id='word_1_404' title='bbox 2667 4011 2719 4059; x_wconf 79' lang='lat' dir='ltr'>ln</span> 
     </span>
     <span class='ocr_line' id='line_1_77' title="bbox 1653 4087 2719 4148; baseline 0.005 -16"><span class='ocrx_word' id='word_1_405' title='bbox 1653 4092 1860 4132; x_wconf 81' lang='lat' dir='ltr'>ceteros</span> <span class='ocrx_word' id='word_1_406' title='bbox 1880 4093 2047 4135; x_wconf 86' lang='lat' dir='ltr'>metus</span> <span class='ocrx_word' id='word_1_407' title='bbox 2061 4087 2408 4135; x_wconf 60' lang='lat' dir='ltr'>crederetur?</span> <span class='ocrx_word' id='word_1_408' title='bbox 2432 4087 2719 4148; x_wconf 83' lang='lat' dir='ltr'>potuissem</span> 
     </span>
     <span class='ocr_line' id='line_1_78' title="bbox 1652 4161 2719 4228; baseline 0.006 -20"><span class='ocrx_word' id='word_1_409' title='bbox 1652 4161 1738 4210; x_wconf 81' lang='lat' dir='ltr'>hic</span> <span class='ocrx_word' id='word_1_410' title='bbox 1759 4162 2007 4224; x_wconf 88' lang='lat' dir='ltr'>scribere,</span> <span class='ocrx_word' id='word_1_411' title='bbox 2027 4164 2313 4226; x_wconf 68' lang='lat' dir='ltr'>jussoribus,</span> <span class='ocrx_word' id='word_1_412' title='bbox 2351 4176 2449 4227; x_wconf 86' lang='lat' dir='ltr'>pro</span> <span class='ocrx_word' id='word_1_413' title='bbox 2486 4163 2719 4228; x_wconf 61' lang='grc' dir='ltr'>σικυωνί-</span> 
     </span>
     <span class='ocr_line' id='line_1_79' title="bbox 1653 4236 2718 4309; baseline 0.005 -22"><span class='ocrx_word' id='word_1_414' title='bbox 1653 4236 1758 4301; x_wconf 71' lang='lat' dir='ltr'>bus,</span> <span class='ocrx_word' id='word_1_415' title='bbox 1796 4245 1953 4305; x_wconf 81' lang='lat' dir='ltr'>atque</span> <span class='ocrx_word' id='word_1_416' title='bbox 1978 4241 2409 4306; x_wconf 61' lang='lat' dir='ltr'>expromam-ibas,</span> <span class='ocrx_word' id='word_1_417' title='bbox 2448 4258 2581 4309; x_wconf 89' lang='lat' dir='ltr'>qnos</span> <span class='ocrx_word' id='word_1_418' title='bbox 2618 4246 2718 4292; x_wconf 63' lang='lat' dir='ltr'>non</span> 
     </span>
     <span class='ocr_line' id='line_1_80' title="bbox 1651 4313 2712 4371; baseline 0.007 -7"><span class='ocrx_word' id='word_1_419' title='bbox 1651 4313 1857 4366; x_wconf 83' lang='lat' dir='ltr'>miserit</span> <span class='ocrx_word' id='word_1_420' title='bbox 1888 4315 2140 4369; x_wconf 81' lang='lat' dir='ltr'>Cesellius</span> <span class='ocrx_word' id='word_1_421' title='bbox 2177 4319 2267 4370; x_wconf 75' lang='lat' dir='ltr'>iiie</span> <span class='ocrx_word' id='word_1_422' title='bbox 2289 4319 2500 4371; x_wconf 81' lang='lat' dir='ltr'>Bassus.</span> <span class='ocrx_word' id='word_1_423' title='bbox 2558 4319 2712 4370; x_wconf 65' lang='lat' dir='ltr'>men.</span> 
     </span>
    </p>
   </div>
   <div class='ocr_carea' id='block_1_12' title="bbox 1756 4519 1795 4544">
    <p class='ocr_par' dir='ltr' id='par_1_17' title="bbox 1756 4519 1795 4544">
     <span class='ocr_line' id='line_1_81' title="bbox 1756 4519 1795 4544; baseline 0 -4"><span class='ocrx_word' id='word_1_424' title='bbox 1756 4519 1795 4544; x_wconf 61' lang='lat' dir='ltr'>Q-</span> 
     </span>
    </p>
   </div>
   <div class='ocr_carea' id='block_1_13' title="bbox 2975 3469 2978 4900">
    <p class='ocr_par' dir='ltr' id='par_1_18' title="bbox 2975 3469 2978 4900">
     <span class='ocr_line' id='line_1_82' title="bbox 2975 3469 2978 4900; baseline 0 0"><span class='ocrx_word' id='word_1_425' title='bbox 2975 3469 2978 4900; x_wconf 95' lang='lat' dir='ltr'> </span> 
     </span>
    </p>
   </div>
  </div>
 </body>
</html>
