3009 4942
447 358 632 431 W

451 523 631 573 motat.
683 516 906 570 Freinsh.

445 634 454 643 .
528 592 982 658 Censoriumfumcs]
1013 594 1193 648 Quaeri
1222 593 1380 649 video.
1395 593 1521 660 quid

449 672 530 723 sit
551 673 840 725 censorium
862 671 1035 725 funus.
1076 671 1385 722 Vei-tranius
1401 684 1521 720 cen-

461 748 587 812 suit,
623 748 677 798 id
715 763 830 800 esse
871 749 927 799 in
965 749 1113 813 cujus
1149 747 1356 797 nimiam
1379 762 1523 812 pom·-

451 839 597 889 -pam,
637 833 697 875 ut
729 825 783 875 iu
802 824 1274 889 ‚opuscensorimm
1296 824 1523 873 animad-

454 909 668 954 .vertere
689 901 1003 954 censoribus
1036 899 1283 962 licuisset,
1310 899 1410 950 nisi
1414 900 1525 964 jus

457 995 547 1030 sus
572 980 825 1031 Praetoris
842 976 1113 1028 adfuisset.
1173 976 1342 1027 Nimis
1366 976 1525 1026 velim

454 1058 527 1113 ‚ad
548 1071 755 1107 manum
774 1055 899 1107 mihi
922 1056 1095 1105 laurus
1116 1054 1202 1116 sit,
1224 1068 1377 1119 quam
1393 1069 1526 1103 mor·

451 1134 647 1184 deam:
682 1134 759 1183 ita
779 1126 1069 1197 praecordia
1098 1131 1221 1181 mihi
1239 1131 1427 1180 saliunt
1457 1130 1526 1181 ad

445 1213 639 1263 risum.
706 1211 814 1262 Alii
835 1211 969 1262 idem
991 1216 1180 1276 putant
1196 1211 1371 1260 Funus
1394 1210 1524 1275 pub-

461 1289 638 1353 licum,
676 1291 851 1340 Funus
894 1288 1200 1350 censorium,
1242 1289 1415 1338 Funus
1448 1289 1524 1338 in-

449 1365 731 1417 dictivum.
798 1367 921 1417 Non
937 1365 1109 1416 audio.
1173 1362 1414 1415 Arbitror
1425 1379 1523 1429 ego

461 1442 639 1497 Funus
673 1442 932 1507 publicum
958 1449 1013 1492 et
1035 1441 1399 1506 indictivum,*
1421 1445 1523 1492 διο.

532 1519 818 1573 Procurator
856 1517 1012 1581 Asioe]
1051 1518 1249 1568 Eadem
1288 1518 1457 1569 omnia
1493 1532 1525 1567 e

458 1596 644 1647 Tacito
691 1596 811 1661 Dio,
851 1596 983 1646 libro
1014 1609 1171 1646 tvm.
1192 1595 1246 1647 iu
1269 1601 1524 1647 extremo.

463 1672 672 1737 Lipsius.
938 1692 942 1696 >

451 1784 460 1793 -
530 1751 610 1799 Ne
628 1748 797 1815 sejas]
832 1751 946 1800 Non
964 1764 1014 1798 se
1034 1751 1080 1799 ei
1084 1749 1185 1810 jus.
1231 1749 1491 1800 Muretus.

451 1860 462 1869 -
528 1826 665 1876 CAP.
684 1830 765 1876 16.
787 1826 1021 1876 Patritios
1033 1825 1345 1886 confarreatis
1356 1840 1528 1889 paren·

453 1900 610 1966 tibus]
641 1902 842 1953 Plinius
860 1903 952 1953 lib.
975 1916 1138 1954 xvm.
1172 1904 1188 1931 ‘
1214 1903 1353 1955 Quin
1387 1910 1443 1952 et
1472 1904 1528 1952 in

451 1979 619 2028 sacris
651 1979 777 2028 nihil
797 1979 1083 2043 religiosius
1106 1978 1527 2030 confarreationis

462 2048 669 2106 vinculo
684 2062 826 2106 erat:
839 2070 1093 2122 novaeque
1106 2062 1285 2121 nuptae
1296 2055 1527 2107 farreum

447 2132 858 2195 praeferebant!
879 2135 1099 2184 Constat
1118 2149 1165 2183 a.
1181 2149 1257 2182 ex
1277 2134 1528 2197 hocloco,

445 2216 789 2272 pervetustus
826 2210 1080 2274 valdeque
1115 2207 1353 2259 difficiles
1371 2208 1528 2258 fuisse

451 2286 786 2341 ,caerimonias
821 2284 1159 2336 contrahendi
1212 2284 1527 2335 matrimonii
1566 2287 1570 2293 ’

464 2377 561 2426 per
607 2361 1090 2412 confarreationem.
1157 2362 1245 2411 De
1273 2361 1371 2411 hoc
1391 2362 1527 2412 Βοὲ-

452 2439 606 2491 thius
624 2440 679 2491 in
699 2441 829 2504 Tap.
848 2438 1019 2489 Cicer.
1050 2439 1085 2488 l.
1109 2451 1174 2488 u.
1206 2451 1372 2502 prope
1391 2436 1528 2486 initi-

462 2530 568 2567 um.
636 2517 901 2567 Fmettns.

452 2637 464 2647 .
531 2594 604 2642 Et
624 2596 809 2657 quando
830 2594 1016 2658 exiret}
1058 2592 1337 2643 Defectum
1357 2592 1527 2642 locum

457 2684 685 2723 censeo:
721 2676 778 2720 et
798 2671 980 2720 deesse
1003 2685 1116 2734 quae
1139 2669 1207 2718 ad
1228 2668 1529 2718 caeremoni-

465 2760 611 2794 arum
663 2743 1019 2794 difficultatem
1071 2744 1356 2807 pertinent.
1423 2743 1528 2794 Qui

464 2825 645 2870 cautus
687 2820 1114 2883 caeremonioeque
1154 2820 1404 2870 Flaminio
1437 2821 1526 2869 ad·

456 2897 681 2960 junctae,
713 2896 871 2945 babes
900 2896 1037 2960 apud
1071 2895 1333 2960 Agellium
1353 2896 1444 2947 lib.
1468 2908 1526 2949 x.

465 2986 514 3021 c.
534 2977 614 3021 15.
658 2972 873 3036 Lipsius.
1281 3016 1296 3038 ,

533 3050 604 3098 Et
624 3052 809 3113 quaudo
829 3050 1007 3113 exiret]
1046 3053 1186 3116 Lego
1219 3052 1486 3116 quaesitive
1508 3069 1525 3114 ς

393 3180 398 3183 ,
461 3125 719 3188 ..Ecquando
751 3126 911 3175 ‘exiret
954 3142 980 3177 e
1006 3127 1120 3187 jure
1152 3128 1331 3189 patrio,
1361 3128 1443 3191 qui
1474 3129 1527 3177 id

458 3201 761 3251 Flaminium
775 3201 1132 3265 adipisceretur,
1149 3218 1341 3266 quoeqae
1357 3203 1411 3252 in
1430 3219 1528 3254 ma-

465 3290 579 3329 num
619 3278 854 3327 Flaminis
872 3278 1183 3330 conveniret?
1232 3280 1525 3330 Rhenanus.

463 3354 579 3416 Ego
598 3353 725 3403 nibil
748 3360 908 3404 muto.
971 3355 1264 3407 Ver-cranius.

533 3429 611 3479 Ut
651 3431 761 3480 haec
804 3445 918 3480 cum
951 3431 1299 3495 superioribus
1323 3439 1525 3495 nectas,

468 3518 573 3559 non
608 3505 680 3554 Et
702 3507 994 3571 legendum,
1015 3507 1104 3557 sed
1145 3509 1231 3557 vel
1256 3507 1331 3555 Ob
1351 3508 1421 3570 id,
1443 3511 1528 3558 vel

465 3581 592 3646 qnid
633 3581 775 3631 aliud
811 3584 1000 3632 ineam
1024 3589 1270 3632 mentem.
1336 3584 1526 3634 Causas

464 3672 515 3708 n.
554 3656 813 3721 prioribus
855 3659 1137 3719 recensuit,
1182 3673 1280 3707 cur
1306 3658 1372 3707 de
1405 3660 1526 3723 jure

457 3733 687 3787 flaminis
710 3740 765 3783 et
782 3733 1056 3785 flaminicae
1094 3733 1331 3783 novando
1352 3735 1528 3785 decer-

463 3810 709 3874 nendum,
768 3825 893 3875 quas
947 3811 1024 3859 ita
1078 3810 1290 3879 claudit.
1356 3812 1526 3862 Etiam

463 3887 580 3937 haec
618 3887 752 3951 ipsa,
788 3889 921 3937 male
957 3892 1154 3950 puncto
1176 3902 1207 3935 a
1230 3901 1285 3935 se
1308 3886 1527 3938 invicem

465 3962 682 4024 divulsa,
714 3964 790 4013 sic
824 3962 1111 4026 distingue:
1152 3962 1226 4010 Ob
1260 3964 1312 4011 id
1342 3967 1527 4024 quaudo

466 4039 636 4102 exiret,
652 4042 733 4102 εἷο.
749 4040 1039 4102 conveniret,
1075 4040 1148 4087 ita
1169 4041 1439 4089 medendum
1458 4056 1527 4091 se-

466 4118 605 4162 natus
648 4117 850 4165 decreto.
906 4115 1189 4166 Acidalius.
1254 4114 1530 4167 Assentior

468 4187 768 4254 Vei-tranio,
807 4193 891 4241 cui
935 4194 1079 4244 locus
1119 4193 1329 4256 integer
1361 4205 1375 4240 ι
1419 4192 1530 4244 haec

449 4268 555 4326 „est
577 4277 647 4319 .ιι.
687 4266 862 4333 tertia,
884 4274 940 4320 et
962 4269 1146 4323 ultima
1163 4284 1321 4323 causa
1343 4268 1527 4323 desitas

1139 371 1357 425 NOTAE
1405 364 1809 423 immotum
1856 368 1938 421 IN

1594 511 2057 566 confarreationist
2102 509 2270 577 prima
2300 506 2356 560 in
2387 505 2658 569 incuriam,

1595 592 1823 643 secunda
1842 592 2077 656 rejicitur
2097 590 2149 639 in
2169 586 2523 639 difficultates.
2589 583 2660 633 Et

1594 673 1792 734 quaudo.
1858 668 1952 733 Ut,
1972 669 1989 697 ‘
2008 669 2080 718 Et
2100 663 2303 731 quando
2319 664 2385 713 de
2402 661 2662 726 religioni-

1598 745 1694 794 bus
1729 743 2071 797 tractabatur’
2111 742 2248 793 Anu.
2287 742 2379 792 lib.
2414 753 2504 790 m.
2538 737 2663 787 Sati-

1596 835 1773 872 neruu-

1574 906 1587 921 ·
1666 897 1977 963 Capiebatar]
2032 899 2116 949 De
2149 897 2247 947 boc
2274 896 2383 946 ritu
2400 892 2605 946 Gellius
2625 905 2666 944 ι.

1599 979 1679 1026 12.
1735 977 1922 1028 Muret.

1663 1051 1774 1104 HS.
1809 1052 1971 1116 vicies]
2005 1052 2147 1103 Octo
2167 1050 2326 1102 millia
2340 1054 2668 1101 scutatorum

1597 1137 1835 1183 monetae.
1870 1132 2109 1181 Muretus.
2175 1130 2254 1181 Ut
2274 1128 2494 1178 curiosis
2518 1125 2667 1177 satis-

1596 1204 1803 1268 faciam,
1823 1207 1977 1271 hujus
2004 1206 2210 1256 numeri
2246 1211 2416 1267 notas,
2457 1216 2673 1269 quomo-

1600 1284 1668 1335 do
1691 1299 1746 1335 se
1768 1284 1962 1335 babent
1993 1284 2046 1334 in
2069 1285 2214 1334 Man.
2253 1283 2339 1332 bic
2370 1278 2669 1332 delineavit

1596 1361 1650 1411 1ι’”
1669 1378 1702 1413 ιι
1725 1364 1839 1412 fx.
1890 1362 2120 1415 Pickena.

1664 1437 1809 1488 Sedes
1829 1439 1954 1488 inter
1983 1436 2268 1500 Vestalium]
2308 1435 2440 1486 Solis
2464 1433 2673 1499 virgini·

1600 1515 1694 1566 bus
1716 1515 2015 1565 Vestalibus
2047 1516 2220 1565 locum
2252 1515 2308 1563 in
2345 1512 2556 1563 theatro
2590 1525 2672 1561 se·

1599 1598 1857 1655 paratum,
1880 1599 1936 1641 et
1958 1597 2144 1641 contra
2165 1590 2409 1655 praetoris
2442 1587 2674 1639 tribuual

1600 1667 1748 1717 dedit
1778 1667 2084 1733 Augustus,
2078 1667 2322 1718 Suetonii
2344 1679 2499 1717 ιιιν.
2558 1665 2675 1715 Va·-

1598 1748 1800 1798 cranius.

1667 1823 2145 1875 ΟΑΡ.17.Μοὺί1εσ
2181 1823 2552 1873 adolescentiam
2571 1821 2678 1872 ani-

1599 1899 1721 1963 mos]
1776 1899 2024 1964 Intelligo
2067 1900 2275 1951 mobiles.
2341 1898 2418 1950 At
2448 1914 2535 1948 me
2556 1899 2676 1948 her·

1603 1977 1738 2040 cule,
1781 1978 1823 2027 si
1863 1978 1987 2043 quid
2014 1978 2215 2042 judico,
2246 1976 2432 2027 melius
2453 1977 2562 2039 hic,
2594 1992 2678 2026 no·

1601 2053 1730 2118 biles,
1751 2055 1889 2118 quod
1919 2069 2122 2105 mecum
2155 2053 2420 2118 probabit,
2442 2053 2678 2117 quisquis

1601 2132 1779 2194 paullo
1800 2132 2097 2182 accuratius
2122 2130 2292 2182 omnia
2324 2130 2382 2180 in
2406 2144 2520 2180 rem
2542 2129 2681 2193 cogi-

1604 2207 1757 2258 tabit.
1805 2208 2069 2258 Acidaliae.

1667 2284 1885 2333 Maxime
1899 2283 2134 2348 prompti]
2179 2285 2317 2334 Sane
2333 2286 2587 2357 promptus
2607 2279 2681 2329 in-

1600 2361 1808 2410 terdum
1832 2367 1896 2410 e'a
1929 2360 2311 2425 significatione
2347 2359 2588 2424 ponitur,
2619 2363 2682 2407 ut

1601 2452 1696 2501 pro
1713 2438 1988 2501 oppos-tatio,
2017 2439 2105 2502 qui
2140 2437 2300 2488 facile
2336 2436 2540 2500 impelli
2565 2449 2685 2499 pos·

1600 2514 1686 2573 sit,
1709 2515 2000 2578 accipiatur
2021 2530 2034 2562 ε
2060 2514 2319 2579 quomodo
2335 2527 2431 2563 XV.
2458 2516 2542 2563 19.
2560 2527 2687 2561 con·

1591 2591 1889 2653 junguntur
1905 2597 2127 2654 prompta
2149 2596 2196 2640 et
2219 2590 2376 2639 obvia.
2446 2588 2552 2638 Sed
2597 2587 2685 2637 bic

1602 2666 1796 2715 rectius
1835 2675 2133 2730 exponatur
2175 2671 2445 2730 promptus,
2502 2664 2685 2714 audax

1602 2749 1657 2792 et
1669 2742 1958 2808 δραστήριος,
1974 2743 2184 2793 minime
2204 2743 2340 2792 enim
2357 2743 2476 2806 ipsa
2490 2756 2576 2791 res
2593 2755 2686 2804 pa-
2760 2791 2769 2799 ,

1603 2821 1749 2880 titur,
1773 2827 1832 2870 ut
1852 2822 2011 2871 Silius
2034 2831 2088 2871 et
2111 2820 2351 2882 SabinuS,
2383 2819 2452 2868 de
2494 2817 2684 2883 quibus

1602 2890 1779 2947 statim
1819 2899 2073 2962 sequitur,
2106 2912 2217 2961 prae
2251 2896 2464 2949 caeteris
2486 2895 2686 2960 Agrip-

1600 2964 1738 3036 pinae
1760 2974 2070 3034 cultoribus,
2096 2974 2249 3035 veris,
2270 2973 2384 3023 sive
2401 2972 2686 3033 simulatis,

1602 3049 1671 3098 ad
1693 3050 1906 3115 injurias
1945 3050 2230 3115 opportuni
2268 3048 2436 3099 fuisse
2460 3050 2687 3101 credan-

1602 3132 1705 3176 tur.
1764 3127 2135 3177 Freinshemius.

1668 3202 1803 3252 Car.
1828 3207 1908 3252 18.
1946 3205 2005 3252 C.
2040 3203 2218 3252 Siliam
2249 3207 2298 3251 et
2337 3202 2688 3253 OE'itiames'abi·

1602 3281 1736 3343 nam]
1768 3279 2068 3342 Legendum
2105 3286 2208 3343 est,
2252 3279 2505 3329 Titus-iuni
2547 3279 2693 3330 Sabi-

1602 3370 1730 3404 num.
1780 3357 2040 3419 Muretus.
2142 3398 2143 3401 η

1675 3432 1881 3495 Utrique
1913 3431 2055 3496 Silio,
2099 3438 2149 3483 et
2179 3433 2326 3496 quod]
2354 3433 2538 3484 .Levis
2578 3432 2689 3484 dis-

1605 3508 1809 3569 tinctio,
1852 3510 1943 3559 sed
1982 3510 2037 3558 in
2079 3525 2180 3574 qna
2210 3510 2278 3559 ad
2299 3511 2585 3560 sententiae
2607 3510 2688 3559 lu-

1604 3599 1716 3634 cem
1740 3585 1935 3649 grande
1953 3593 2272 3635 momentum
2298 3604 2310 3636 ε
2353 3587 2419 3636 L.
2457 3587 2690 3651 utrique:

1604 3661 1729 3713 Silio
1744 3666 1809 3724 et,
1830 3665 1950 3725 quod
1969 3664 2153 3725 ing-eat,
2187 3667 2271 3726 ᾅτ.
2309 3664 2343 3714 i.
2366 3663 2499 3713 Silio
2524 3665 2691 3715 etiam

1604 3739 1658 3787 id
1716 3741 2080 3803 perniciosum,
2135 3748 2333 3804 praeter
2390 3740 2690 3793 amici-tiam

1605 3814 1925 3878 Germanici,
1942 3818 2100 3881 quod,
2117 3822 2217 3868 διο.
2274 3818 2553 3870 Acidaliae.

1604 3908 1617 3939 ,·
1668 3891 1925 3941 Exercitus
1964 3899 2142 3957 septem
2179 3910 2269 3957 per
2305 3897 2478 3959 annos]
2508 3886 2690 3965 ,Apud

1604 3966 1768 4030 ripam
1812 3969 1996 4034 Rheni,
2032 3976 2093 4020 ut
2131 3971 2335 4022 dictum
2377 3979 2466 4022 est
2502 3971 2604 4023 lib.
2648 3986 2690 4024 1.

1602 4044 1844 4093 Muretus.

1670 4118 1731 4166 In
1745 4119 1863 4168 alios
1880 4121 2263 4188 dispergebatur]
2295 4124 2689 4179 ItaMan.vn1·

1605 4208 1690 4258 go,
1705 4195 2028 4257 dispergatur.
2075 4198 2331 4250 Pichena.

1669 4269 1992 4336 Inwaremque
2036 4278 2173 4326 tanto
2215 4276 2416 4344 merito]
2466 4275 2582 4331 Alii
2614 4280 2688 4331 le-
