3009 4942
842 395 992 446 ΜΒ.
1038 394 1158 445 ιιι.
1206 393 1372 447 car».
1406 382 1521 447 75.
1558 394 2007 449 umatum.

317 545 416 590 cet
433 538 629 604 Ῑιὶμίο,
658 542 894 602 armat,
913 536 967 589 id
990 545 1089 604 est,
1118 539 1391 605 prohibue-

319 626 444 682 rat,
459 621 661 684 optimo
683 621 889 686 quidem
923 635 1097 671 sensu.
1157 619 1265 671 Sed
1286 619 1390 670 for-

316 703 469 759 tasse
486 698 693 763 vulgata
713 698 872 747 lectio
894 697 1109 748 defendi
1131 703 1324 762 potest,
1347 699 1392 747 si

314 773 640 838 accipiamus
676 791 894 838 urguere,
933 791 1029 839 pro
1067 776 1272 825 sinistre
1314 775 1391 824 iu·

315 854 641 915 terpretari3
691 860 751 904 ut
787 869 963 904 sensus
1002 855 1104 903 sit:
1147 869 1244 904 nec
1287 852 1392 904 Au·

314 933 484 990 gusto
503 928 688 979 incidit
708 931 948 994 suspicio,
972 930 1227 993 publicam
1251 930 1391 980 illam

312 1004 729 1057 munificentiam
746 1008 810 1057 ad
833 1009 1011 1072 populi
1028 1006 1259 1058 favorem
1272 1023 1394 1073 cap·

312 1081 547 1133 tandum
564 1086 912 1148 excogitatam
934 1084 1109 1136 fuisse.
1160 1086 1389 1137 Picheua.

313 1157 496 1209 Recte,
509 1160 733 1224 Lipsius.
765 1161 1004 1212 Alterum
1027 1162 1113 1212 vix
1136 1163 1392 1212 Latinum.

241 1272 250 1279 .
313 1234 330 1262 ‘
357 1233 623 1287 Arcuerut
661 1236 933 1302 conferre,’
973 1246 1034 1289 ut
1066 1239 1282 1288 Senecae
1307 1240 1393 1288 de-

315 1307 582 1365 fendimus
620 1314 675 1363 iu
708 1315 1004 1379 Hippolyto
1034 1331 1110 1365 vs.
1145 1320 1258 1366 805.
1292 1317 1310 1347 ‘
1335 1324 1398 1367 tu

313 1386 451 1439 licet
469 1404 685 1454 asperos
709 1392 1084 1459 Pugnacesque,
1118 1393 1240 1443 deos
1272 1394 1391 1442 viri-

311 1461 417 1514 bus
460 1481 640 1517 arceas
685 1470 753 1518 Et
792 1471 929 1519 vasti
966 1472 1139 1534 spatio
1178 1471 1392 1520 vincere

314 1541 594 1605 corporis.'
627 1545 699 1594 Et
718 1547 929 1595 solenne
945 1547 1193 1598 librorum
1212 1547 1393 1598 vitium

316 1623 426 1668 est.
496 1618 692 1671 Ovidio
731 1623 818 1672 diu
855 1622 960 1673 fuit
1004 1626 1139 1676 Met.
1177 1639 1271 1676 xv.
1312 1629 1392 1676 72.

313 1693 331 1721 ‘
354 1694 667 1763 Primusque
706 1701 945 1751 animalia
985 1701 1173 1753 mensis
1205 1702 1395 1766 Arguit

314 1769 556 1835 imponi?
579 1788 674 1837 pro
692 1776 883 1828 Arcuit.
940 1779 1111 1829 Statio
1130 1779 1220 1829 diu
1230 1774 1393 1829 Theb.

315 1861 383 1899 11.
422 1853 542 1902 630.
583 1853 599 1881 ‘
626 1867 719 1902 cur
760 1854 1020 1913 inficiatus
1058 1856 1252 1906 honora
1294 1854 1394 1905 Ar-

320 1927 524 1988 guerim
548 1925 720 1992 fama‚'
740 1929 823 1994 (et
844 1933 977 1981 male
998 1931 1238 1983 defendit
1251 1934 1393 1984 Geb-

316 2001 542 2068 hardus)
560 2019 655 2069 pro
670 2007 934 2059 arcuerim.
969 2010 1180 2060 Valerio
1201 2011 1393 2062 Flacco

318 2090 404 2131 Π.
425 2083 543 2130 317.
594 2083 612 2115 ‘¹
630 2082 743 2133 baec
766 2083 1019 2151 Amycum
1049 2088 1260 2138 taudem
1284 2104 1396 2139 ma-

322 2171 426 2217 nus
444 2160 619 2223 arguit
636 2162 769 2210 ausis
785 2163 815 2212 :'
842 2178 937 2227 pro
958 2166 1129 2217 arcuit.
1166 2167 1394 2219 Gronov.

392 2237 549 2286 Tuta
568 2236 643 2286 vis
660 2252 806 2288 unum
822 2242 971 2290 intra
991 2243 1236 2305 dumam]
1278 2243 1393 2292 Mu·

318 2319 465 2364 retus
508 2315 707 2379 mallet,
747 2322 886 2368 tanta
926 2320 1002 2368 vis
1038 2320 1224 2382 ignium
1262 2322 1398 2375 intra

321 2392 550 2441 dmum
569 2394 804 2444 stett'scet:
835 2397 973 2460 quod
1006 2397 1128 2446 mihi
1151 2411 1255 2447 non
1278 2412 1394 2462 pro·

321 2468 496 2518 hatur.
563 2471 700 2520 Nam
735 2472 790 2521 in
819 2475 1039 2537 vulgatis
1061 2481 1205 2524 recte
1227 2475 1396 2525 subiu-

324 2546 604 2610 telligitur,
640 2553 788 2598 tanta
826 2551 904 2599 vis
942 2551 1094 2615 ignis,
1117 2566 1231 2616 quae
1255 2552 1400 2603 intra

321 2634 484 2677 unum
505 2621 635 2672 illud
659 2623 849 2674 theatri
865 2625 1109 2676 damnum
1125 2628 1294 2689 stetit,
1310 2636 1395 2676 ne·

326 2713 428 2764 que
453 2699 669 2749 ulterius
704 2708 990 2766 pervagata
1008 2708 1106 2752 cst.
1161 2703 1393 2753 Piohenu.

325 2774 525 2824 Muret.
546 2777 776 2825 tantu-vis
792 2777 997 2841 mium,
1022 2781 1105 2842 ⁸10·
1163 2777 1250 2829 At
1269 2794 1394 2829 vero

323 2860 426 2907 ‘vox
445 2864 594 2903 unam
612 2855 922 2905 necessaria.
986 2855 1248 2906 Acidalia.

337 2966 343 2971 .
391 2928 532 2978 Car.
568 2933 654 2979 73.
685 2929 789 2980 Sua
818 2932 1072 2997 populique
1111 2933 1253 2983 Rom.
1293 2949 1400 2984 con-x

326 3005 755 3071 melica-Verba
783 3008 896 3058 lucc
919 3010 1052 3059 male
1077 3011 1397 3075 transposita

326 3077 555 3131 fuerant:
579 3097 694 3147 quae
710 3083 960 3134 suadente
975 3084 1170 3150 Lipsio,
1181 3087 1234 3136 iu
1249 3101 1398 3137 suum

328 3158 570 3209 ordinem
586 3160 924 3223 reposuimus.
954 3162 1185 3213 Pit-hena.
1233 3164 1400 3214 Pare-

327 3248 457 3298 rem,
482 3236 548 3299 si,
574 3234 795 3300 jubente
819 3237 974 3288 unico
1006 3239 1208 3303 codice,
1238 3240 1400 3290 dixis·

330 3316 427 3360 set.
497 3311 652 3363 Quod
676 3313 880 3376 quando
918 3329 1022 3364 uon
1061 3329 1234 3380 ausus,
1255 3316 1398 3365 illam

321 3387 591 3450 juncturae
625 3389 850 3453 vulgaris
894 3391 1074 3440 borum
1121 3393 1397 3443 verborum

330 3462 765 3529 immutationem,
784 3481 874 3515 sua
886 3469 1139 3532 populique
1162 3475 1396 3520 coutume-

328 3539 395 3589 lia
418 3540 640 3604 Romani,
662 3541 1056 3608 haudquaquam
1083 3545 1293 3596 auribus
1311 3560 1400 3595 ac-

330 3617 509 3673 cidere
533 3618 662 3681 meis
678 3619 955 3683 ingratam,
977 3621 1103 3686 quin
1125 3628 1183 3677 et
1200 3622 1398 3688 aliquid

328 3695 661 3760 magnificum
685 3695 937 3760 praeferre
976 3698 1101 3747 mihi
1123 3697 1305 3764 videri,
1322 3696 1399 3749 fa-

332 3779 468 3825 teor.
534 3772 818 3824 Gronovius.

397 3850 680 3912 Ingentibus
694 3850 826 3899 bellis
844 3849 1048 3912 labaret]
1072 3851 1196 3902 Non
1211 3851 1402 3901 damno

328 3925 530 3977 labaret.
571 3926 677 3977 Sed
700 3927 822 3989 erit,
841 3927 1045 3992 opinor,
1074 3928 1160 3978 cui
1184 3930 1400 3981 verbum

331 4002 386 4059 id
421 4018 587 4068 grave
627 4003 780 4053 nimis
819 4004 1101 4069 videbitur,
1135 4005 1402 4091 magisque

330 4079 595 4146 probabit,
613 4080 867 4130 laborarat.
901 4079 1184 4132 Acidalius.

396 4157 534 4207 Cap
559 4161 641 4207 74.
669 4157 880 4206 Castalia
897 4162 948 4206 et
968 4157 1272 4222 munitiones]
1303 4161 1401 4224 Op·

331 4232 445 4296 pido
461 4233 846 4299 frequentiores
863 4241 918 4282 et
939 4235 1219 4298 ampliores
1243 4235 1406 4285 bomi-

330 4324 461 4371 xinun
495 4316 794 4373 conventus
828 4309 1041 4377 facere3
1085 4313 1282 4371 castella
1308 4314 1401 4364 mi-

2351 382 2541 453 m

1461 555 1617 592 nores
1655 546 1815 608 atque
1849 542 2192 609 angustiores,
2229 541 2323 594 sed
2356 556 2539 597 muro-i

1464 634 1577 669 rum
1613 626 1790 670 tamen
1822 621 2022 672 ambitu
2050 629 2270 687 utraque
2308 622 2533 672 circum-

1462 703 1632 760 septa,
1663 696 1818 747 sicuti
1851 698 1945 746 eici
1980 699 2095 747 sine
2125 699 2303 749 muris.
2369 701 2523 752 Quod

1466 778 1638 820 autem
1671 774 1914 822 castellum
1941 774 2086 822 locus
2108 774 2337 825 munitus
2364 783 2528 839 esset,

1466 856 1673 898 constat
1708 863 1774 898 ex
1812 850 1925 901 Cic.
1966 850 2227 900 scribente
2263 850 2319 900 in
2354 849 2527 914 Epist.

1464 924 1481 951 ‘
1510 924 1679 974 Multa
1698 925 1915 975 castella
1952 925 2090 990 cepi,
2111 927 2275 974 multa
2294 925 2533 977 vastavi!

1468 1003 1540 1053 Et
1562 1002 1628 1051 ad
1650 1000 1770 1052 Att.
1804 1003 1819 1029 ‘
1844 1002 2126 1053 Castellum
2161 1010 2347 1055 natura
2368 1004 2537 1052 munis

1467 1079 1615 1130 tum!
1667 1079 1754 1129 Ab
1776 1080 1958 1130 eadem
1980 1079 2317 1129 similitudine
2336 1079 2391 1128 iu
2413 1079 2529 1131 acie

1464 1157 1656 1206 castella
1693 1156 1906 1220 mobilia,
1940 1170 2041 1205 uon
2070 1155 2266 1205 stabilia
2287 1161 2477 1205 vocata
2496 1170 2537 1209 a»

1464 1233 1657 1283 Tacito
1689 1239 1748 1283 et
1784 1233 1920 1298 aliis,
1941 1232 2084 1298 quod.
2099 1247 2168 1283 ex
2189 1232 2363 1282 Taciti
2393 1231 2528 1296 ejus-

1466 1310 1585 1360 dem
1623 1310 1900 1361 verborum
1935 1310 2072 1360 serie
2093 1308 2250 1359 facile
2273 1308 2539 1373 dignosci*

1467 1395 1570 1452 tur,
1591 1389 1713 1439 dum
1747 1390 1947 1455 inquit:
1976 1390 1993 1417 ‘
2016 1389 2244 1441 Castella
2276 1394 2336 1440 et
2368 1389 2539 1439 muni*

1466 1467 1633 1516 tiones
1655 1465 1855 1517 idoneis
1876 1466 2003 1517 locis
2021 1464 2323 1531 imponens?
2363 1467 2533 1517 Erant

1465 1543 1644 1608 itaque
1678 1545 1866 1594 castella
1887 1543 1940 1592 iu
1975 1544 2090 1593 acie
2127 1543 2533 1608 propugnacula,

1468 1635 1588 1685 quae
1616 1620 1670 1669 in
1692 1619 1960 1684 procinctu
1981 1619 2342 1685 portabantur,
2361 1633 2428 1669 ex
2452 1633 2530 1668 as-

1468 1697 1689 1760 seribus,
1728 1698 1838 1747 sive
1878 1698 1980 1746 alia
2021 1695 2274 1746 consimili
2312 1694 2535 1746 materia

1466 1774 1741 1839 fabricata,
1763 1774 1830 1825 ad
1851 1780 2027 1825 castra
2060 1772 2357 1824 metandum
2380 1787 2533 1838 quam

1468 1853 1691 1902 maxime
1736 1859 1881 1918 apta,
1921 1852 1996 1911 ita
2025 1851 2169 1901 dicta
2207 1865 2238 1899 a
2270 1848 2532 1900 stabilium

1469 1930 1798 1981 castellorum
1821 1926 2159 1979 similitudine
2181 1933 2238 1977 et
2261 1940 2383 1976 usus
2415 1939 2536 1976 con-

1470 2006 1750 2056 venientia.
1813 2005 2052 2054 Donatus.
2160 2004 2248 2053 De
2303 2001 2531 2052 castellis

1468 2081 1740 2141 mobilibus
1780 2080 1833 2131 in
1871 2081 1983 2131 acie
2009 2080 2263 2131 somnium
2284 2078 2533 2143 lepidum.

1472 2160 1759 2209 Gronovius.
2532 2184 2539 2189 ·

1538 2235 1754 2291 Tiberius
1788 2236 1975 2301 Bloeso]
2024 2184 2309 2299 Distinguo
2341 2235 2533 2298 locum,

1467 2315 1628 2364 Bloeso
1642 2318 1946 2377 postremum.
2000 2313 2174 2367 Obiere
2193 2328 2247 2363 eo
2266 2326 2406 2375 mino,
2427 2325 2533 2362 uon

1467 2393 1571 2441 levi
1595 2393 1660 2442 ad
1681 2390 1946 2442 historiam
1966 2397 2244 2441 momento.
2293 2390 2500 2453 Lipsius.

1538 2469 1758 2520 Tiberius
1777 2470 1939 2519 Bloeso
1970 2468 2277 2533 postremum]
2322 2468 2387 2518 Iu
2424 2467 2543 2517 vui-

1470 2547 1605 2611 gatis
1642 2546 1719 2595 ita
1755 2544 2196 2610 distinguebaturt
2229 2561 2288 2595 ac
2317 2549 2431 2595 tunc
2457 2542 2541 2594 Ti·

1466 2623 1626 2673 uerius
1661 2624 1843 2672 Bloeso.
1899 2623 2201 2672 Postremum
2240 2620 2413 2684 obiere,
2453 2622 2541 2684 ἦν).

1472 2699 1586 2750 Nos
1609 2715 1675 2749 ex
1697 2700 1997 2749 Ms.melius
2019 2698 2362 2762 distinximus,
2381 2699 2537 2764 idque

1471 2776 1790 2840 praeviderat
1827 2776 2031 2841 Lipsius
2052 2789 2122 2825 ex
2158 2775 2384 2840 iugenio.
2455 2774 2548 2824 Pi«

1470 2855 1634 2904 chenu.
2538 2876 2545 2881 ·

1540 2931 1671 2982 CAP.
1707 2936 1789 2982 75.
1837 2930 2040 2982 Asinius
2075 2928 2323 2993 Salonius]
2369 2928 2537 2980 Bcctu

1470 3007 1572 3058 hoc
1587 3006 1763 3071 facile,
1777 3008 2049 3058 intellectu
2066 3004 2426 3055 difficillimum
2443 3012 2539 3055 est.

1471 3085 1681 3135 Servius
1703 3099 1847 3134 meus
1863 3083 1930 3133 ad
1944 3083 2220 3147 Virgilium
2237 3084 2433 3149 Ecloga
2450 3097 2539 3136 111.

1473 3161 1679 3224 scribit,
1704 3162 1719 3189 ‘
1741 3162 1802 3212 C.
1824 3160 2008 3211 Asinio
2034 3160 2257 3211 Pollioni
2280 3166 2401 3224 post
2423 3174 2545 3225 capo

1475 3245 1556 3289 tas
1595 3238 1810 3288 Salonas
1840 3236 2136 3300 Dalmatiae,
2157 3243 2336 3286 natum
2359 3236 2553 3301 filium‚'

1474 3316 1676 3371 dictum
1725 3313 2065 3369 Saloninum?
2138 3313 2193 3362 Is
2226 3321 2334 3363 tam
2377 3313 2547 3364 Dioni

1474 3407 1628 3457 quam
1675 3391 1916 3442 Cornelio
1961 3391 2022 3441 C.
2058 3388 2268 3439 Asinius
2314 3389 2373 3440 C.
2412 3390 2472 3440 F.
2510 3402 2545 3441 a

1473 3470 1679 3519 Tiberio
1725 3468 1988 3518 dimissam
2025 3467 2330 3531 Vipsanium
2373 3467 2545 3533 duxit,

1476 3560 1543 3596 cx
1566 3560 1733 3610 eaque
1757 3544 1993 3596 Asinium
2033 3544 2263 3594 sustulit.
2326 3543 2430 3594 Hic
2466 3559 2548 3594 su-

1476 3623 1698 3687 perstite
1733 3622 1885 3685 patre
1919 3620 2158 3684 moritur,
2185 3627 2241 3669 et
2262 3621 2547 3684 superstite

1475 3698 1682 3749 uterino
1704 3699 1876 3748 Druso
1893 3714 1911 3748 z
1942 3704 2097 3749 erant
2118 3699 2256 3747 enim
2277 3698 2546 3761 Vipsania,

1478 3775 1558 3826 M.
1601 3774 1855 3840 Agrippae
1896 3774 2022 3836 filia,
2057 3774 2165 3825 nati
2212 3775 2393 3824 ambo:
2449 3774 2544 3824 sed

1474 3854 1682 3907 Tiberio
1703 3863 1872 3920 patre,
1904 3856 2137 3914 Drusus3
2168 3852 2351 3903 Asinio
2374 3853 2545 3917 Gallo,

1477 3931 1690 3982 Asinius
1696 3932 1802 3997 ,cui
1810 3931 1976 3995 patris
1986 3943 2266 3994 cognomen
2278 3929 2545 3994 Saloninus,

1479 4008 1869 4061 convenientius
1903 4021 1934 4056 a
1961 4007 2143 4055 Tacito
2165 4004 2414 4070 scriptum
2437 4003 2548 4055 fue-

1478 4085 1569 4135 rit.
1635 4086 1774 4149 Ergo
1793 4083 1947 4147 hujus
1968 4080 2154 4144 Asinii,
2170 4095 2276 4145 quo
2299 4082 2363 4131 de
2385 4082 2552 4149 loqui..

1479 4176 1616 4224 mur,
1652 4162 1737 4209 avi
1775 4159 1924 4209 fuere
1963 4164 2211 4222 paternus
2249 4159 2310 4208 C.
2334 4157 2550 4227 Asinius,

1481 4238 1672 4303 Pollio,
1723 4243 1989 4287 maternus
2045 4236 2123 4286 M.
2153 4234 2434 4298 Vipsanius
2476 4234 2551 4286 A·

1482 4317 1685 4384 grippa.
1736 4313 1847 4367 Sed
1868 4314 1921 4364 in
1940 4314 2038 4365 boe
2059 4311 2246 4367 mirum
2269 4317 2351 4363 est
2371 4319 2551 4365 aueto-
