3009 4942
880 432 1031 487 mn.
1071 427 1193 485 m.
1241 431 1406 483 cn.
1444 415 1556 483 47.
1602 431 2048 525 ANNAan.

345 586 407 638 in
433 585 544 637 Ora
564 583 854 636 Maritima.
892 582 1104 634 Gronov.

417 662 748 727 Grutpellnrios
776 659 1034 723 Μυκη*
1065 659 1200 709 Sane
1230 672 1294 706 ex
1328 657 1426 706 Ta-

348 741 449 791 citi
473 739 769 789 narratione
792 750 898 786 non
930 734 1145 800 colliges
1165 746 1427 799 pugnasse

345 832 445 868 eos
469 831 538 867 ex
560 816 728 880 equis.
763 814 973 879 Lipsiae.

424 891 754 959 capellos-ios
788 893 981 958 cocant]
1033 890 1275 942 Forsitan
1320 891 1427 955 leg.

340 972 658 1034 clibanarios,
683 980 738 1020 ut
758 977 813 1022 et
831 971 919 1020 alii
933 975 1269 1020 annotarunt
1306 968 1428 1019 Am-

343 1051 513 1100 mian.
534 1049 776 1121 lgiarcell.
799 1049 832 1099 1.
859 1060 976 1098 xvr.
1020 1046 1157 1097 Vide
1180 1052 1235 1096 et
1262 1046 1430 1096 Naza-

343 1129 492 1178 rinm
516 1129 566 1178 iu
599 1128 895 1177 laudatione
918 1125 1268 1179 Constantini.
1331 1127 1430 1176 Ta·

341 1205 486 1256 lium
525 1205 719 1255 mentio
741 1211 797 1255 et
826 1204 966 1270 apud
1007 1203 1343 1256 Plutarchum
1378 1203 1429 1252 in

345 1281 596 1333 Lucullo.
629 1281 868 1331 Marem.

423 1358 503 1409 Ue
523 1359 724 1408 nonam
760 1363 927 1422 aperta
948 1355 1273 1422 consensione]
1302 1356 1431 1424 neg.

343 1439 548 1501 aperie.-
577 1442 641 1486 et
660 1437 900 1487 Muretus
920 1436 1012 1487 ita.
1045 1435 1235 1486 Acidal.

432 1513 625 1563 Vin-itinn
643 1513 879 1579 promptis
897 1513 1092 1578 stadiis]
1127 1513 1246 1563 Non
1271 1512 1432 1563 inter·

347 1590 556 1655 pretati
578 1596 718 1653 sunt,
749 1589 953 1655 uiritim,
987 1596 1048 1640 nt
1070 1590 1274 1640 vellem.
1343 1589 1431 1640 Vi-

351 1667 554 1717 dentur
590 1668 728 1719 enim
767 1682 947 1718 omnes
983 1667 1161 1719 dicere
1200 1668 1430 1732 privatos

352 1758 531 1795 ansae
553 1743 834 1795 AEduorum
870 1743 1066 1796 favisse
1088 1762 1105 1808 ς
1139 1751 1196 1796 at
1217 1740 1452 1794 Tacitns'

351 1822 492 1872 nihil
512 1820 649 1872 alind
674 1836 827 1888 quam
861 1823 962 1873 hoc
986 1824 1188 1888 ipsum:
1224 1823 1432 1888 publico

344 1900 653 1962 censium-⁴*
674 1905 775 1953 &m
844 1902 1136 1954 Freinshem,

421 1979 664 2029 emmas
700 1980 942 2043 epistolas]
998 1980 1307 2046 Principum
1353 1995 1434 2031 re·

351 2053 580 2119 scripta,
618 2056 803 2121 quibus
850 2057 1053 2108 scilicet
1108 2058 1183 2106 illi
1224 2058 1305 2107 vel
1366 2055 1434 2106 ad

355 2133 700 2197 praesentium
724 2136 1005 2199 postulata,
1045 2136 1130 2186 vel
1163 2135 1228 2185 ad
1254 2135 1436 2185 absen-

356 2207 495 2259 tium
560 2213 963 2264 consultationes
1030 2212 1438 2279 respondebant,

358 2285 614 2351 Epistulae
639 2287 817 2340 dietae.
882 2289 1151 2340 Habemus
1172 2303 1238 2338 ex
1266 2288 1437 2340 duris·

355 2363 616 2414 consultis
637 2364 674 2414 l.
699 2378 741 2414 1.
776 2365 846 2416 D.
868 2365 934 2414 de
964 2364 1174 2416 constit.
1196 2364 1434 2430 Princip.

349 2445 422 2490 ‘et
444 2443 739 2507 exemplum
763 2442 815 2492 ln
841 2444 877 2492 l.
903 2442 995 2493 sed
1020 2442 1200 2507 addes,
1225 2447 1305 2492 19.
1323 2444 1436 2508 §.a

361 2514 436 2567 3).
473 2518 630 2569 locat.
663 2519 700 2569 1.
726 2519 831 2570 divi
871 2520 1080 2583 fratres,
1120 2520 1190 2571 D.
1215 2520 1281 2570 de
1312 2521 1435 2584 jure

358 2600 571 2659 patron.
611 2595 651 2644 l.
671 2609 760 2645 m.
795 2597 863 2647 D.
888 2596 953 2647 de
977 2595 1158 2648 testib.
1224 2597 1437 2647 Sanctio

345 2672 527 2723 etiam
559 2672 909 2738 imperatoria,
953 2675 1173 2739 Epistola
1208 2675 1438 2740 quando-

351 2763 469 2815 ·qne
509 2748 669 2800 dicta.
689 2763 702 2771 ²
735 2750 824 2800 Ita
859 2752 1081 2815 Epistola
1119 2751 1192 2801 D.
1221 2750 1439 2801 Adriani

364 2826 434 2877 de
454 2827 664 2892 peculio
691 2827 977 2878 dividendo
999 2828 1139 2878 inter
1170 2827 1438 2877 mandato-

357 2918 450 2955 res
480 2911 537 2956 et
574 2904 923 2970 fidejussores,
957 2905 1106 2970 cujus
1142 2903 1205 2955 fit
1238 2904 1440 2954 mentio

361 2982 398 3033 l.
421 2981 513 3032 flu.
556 2983 617 3032 C.
639 2982 707 3032 de
741 2984 956 3033 constit.
996 2997 1183 3046 pecun.
1248 2983 1439 3049 Itaque

355 3060 641 3112 'Cornelius
662 3059 897 3124 TacituS‚
920 3060 949 3090 ⁸*
968 3064 1069 3111 διο.
1104 3055 1342 3111 Donatus.

429 3138 706 3189 Altitadine
723 3137 892 3200 unioni,
907 3152 971 3187 aa
984 3128 1294 3202 compererat]
1310 3137 1440 3186 Var-

356 3228 424 3265 το
454 3215 491 3263 l.
515 3226 571 3263 v.
595 3213 662 3263 de
698 3214 847 3277 Ling.
872 3214 990 3263 Lat.
1028 3214 1049 3241 ‘
1069 3214 1350 3266 Quintanae
1376 3226 1441 3261 an

365 3291 674 3357 septimane
698 3291 804 3341 sint
826 3288 1051 3342 futurae?
1083 3290 1297 3340 Tacitus
1320 3290 1354 3340 1.
1375 3302 1441 3339 ιι.

357 3370 383 3396 '⁴
412 3368 634 3418 Metnne
669 3368 897 3431 invidiae,
920 3383 986 3417 an
1012 3373 1155 3418 ratus
1176 3365 1440 3441 conscien-

364 3444 497 3495 tiam
533 3443 683 3509 facti,
719 3445 847 3495 satis
885 3443 1035 3495 esse.'
1116 3444 1187 3494 Et
1220 3443 1310 3494 lib.
1336 3454 1441 3494 ιη.

358 3523 722 3574 “Socordiane
757 3523 963 3575 Claudii
1001 3538 1067 3574 an
1101 3523 1389 3574 vinolentia
1403 3521 1444 3571 ?’

368 3601 612 3652 Aurelius.

433 3679 573 3730 Cu·-
590 3684 673 3730 45.
700 3681 893 3737 Quanto
915 3678 1249 3729 intolerantior
1268 3677 1446 3728 iterum

370 3757 575 3807 sev-uitas
614 3756 780 3820 victis]
836 3756 959 3807 Non
999 3760 1128 3821 puto
1173 3761 1266 3806 ant
1304 3755 1444 3819 apud

371 3834 509 3884 bunc
543 3839 634 3884 aut
672 3834 801 3883 alios
839 3833 1111 3883 historicos
1133 3831 1356 3897 reperiri
1393 3831 1447 3881 id

376 3924 548 3975 genus
586 3924 652 3960 ex
689 3908 980 3975 participiis
1021 3908 1251 3958 verbalia
1295 3922 1449 3958 sensu

380 3987 607 4051 passivo.
707 3987 887 4038 Quare
920 3983 1194 4049 praeferam
1227 3985 1452 4047 intolera-

378 4064 479 4113 h‘or
494 4062 832 4128 ἃτλητότφος.
900 4060 986 4112 Sic
1004 4061 1099 4111 lib.
1124 4074 1224 4111 ιιι.
1248 4060 1264 4089 ‘
1286 4061 1453 4111 Tanto

389 4143 691 4193 toleratiora
713 4140 1045 4205 capesseret?
1075 4140 1300 4190 Grotius.
1371 4144 1381 4154 “

450 4220 586 4271 Car.
605 4223 688 4270 46.
713 4218 879 4282 Neque
900 4217 1047 4267 ocutis
1066 4217 1233 4281 neque]
1262 4215 1455 4266 Sallus-

389 4295 583 4346 tianum
605 4301 690 4346 est
709 4294 850 4361 apud
872 4295 1132 4345 Nonium:
1164 4294 1181 4320 ‘
1205 4291 1458 4341 Formidi-

390 4386 457 4425 ne
477 4372 751 4438 attonitas,
771 4384 943 4440 nequ·
964 4371 1154 4436 animo,
1177 4382 1347 4436 neque
1368 4380 1457 4419 aa·

2393 414 2573 484 3885

1504 579 1669 646 ribus,
1685 587 1775 632 ant
1799 581 1975 646 lingua
1999 585 2312 643 competere.
2314 576 2332 604 ’
2397 576 2572 630 Etiam

1504 659 1615 708 tale
1639 658 1735 708 hoc
1759 654 1894 709 Livii
1922 660 1955 709 1.
1979 674 2029 708 v.
2065 660 2081 687 ‘
2108 656 2327 707 Romani
2352 670 2418 706 ne
2440 655 2576 706 auri-

1503 735 1598 786 bus
1622 735 1829 801 quidem
1855 742 2011 802 atque
2034 736 2195 786 oculis
2219 735 2343 785 satis
2367 740 2574 785 consta·

1503 827 1562 863 re
1585 811 1864 877 poterant!
1894 813 2105 877 Lipsius.

1573 892 1643 941 Et
1672 891 1979 955 fugientibus
2015 889 2249 956 consiliu]
2282 890 2573 945 Liviuslib.

1505 974 1664 1020 xxm.
1698 968 1714 995 ‘
1737 969 1878 1021 Jnssi
1903 976 1956 1020 et
1979 970 2138 1021 duces
2163 970 2395 1022 ordinum
2428 958 2593 1031 Prae-1

1504 1046 1739 1112 fectiqne
1754 1040 2068 1097 auxiliorum
2108 1045 2260 1098 simul
2291 1042 2572 1099 consilire?

1506 1122 1680 1187 Vulgo
1717 1124 1910 1188 legitur
1947 1127 2201 1176 consulere.
2266 1125 2491 1176 Putatur
2514 1137 2579 1175 ea

1505 1217 1608 1251 vox
1632 1203 1732 1265 legi
1756 1203 1911 1252 etiam
1935 1205 1972 1253 1.
1995 1216 2052 1253 ν.
2084 1202 2101 1232 ‘
2125 1201 2377 1269 Aliosque
2400 1202 2576 1253 occul·

1508 1285 1590 1329 tos
1614 1279 1862 1341 consilit‚’
1885 1280 1977 1330 sed
1999 1282 2153 1331 male.
2190 1281 2427 1331 Muretus.
2493 1280 2578 1332 Ex

1505 1357 1626 1408 loco
1649 1356 1916 1420 inferiore,
1940 1361 2030 1425 qni
2054 1365 2136 1409 est
2158 1360 2194 1409 l.
2218 1370 2274 1410 v,
2306 1360 2322 1388 ⁴
2350 1359 2579 1423 aliosque

1509 1437 1741 1485 occultos
1789 1437 2032 1498 consilit,'
2084 1439 2181 1487 dcc.
2235 1435 2444 1487 videtur
2486 1432 2599 1486 hie¹

1508 1511 1837 1563 scribendum
1858 1529 1872 1575 ;
1907 1519 1954 1564 et
1979 1504 2226 1579 fugientes
2247 1514 2472 1577 con-silice,
2493 1506 2600 1578 &cs

1509 1596 1750 1647 Ursinus.
2582 1582 2587 1593 ’

1578 1675 1755 1737 Ingena
1772 1676 1836 1724 ad
1871 1689 1927 1723 ea
1959 1669 2155 1737 clamor]
2208 1670 2409 1722 Gellius
2427 1684 2469 1720 1.
2491 1671 2577 1720 11.

1510 1751 1529 1782 ‘
1553 1751 1693 1805 Quid
1719 1753 1805 1801 ille
1838 1752 1951 1802 vult
1974 1749 2361 1800 ardentissimus
2387 1748 2579 1798 clamor

1510 1829 1730 1880 militum
1764 1830 2132 1891 Romanorum,
2169 1840 2322 1893 quem
2364 1824 2418 1874 in
2459 1839 2580 1876 con·

1512 1905 1771 1971 gressibus
1830 1906 2124 1969 praeliorum
2178 1901 2294 1953 fieri
2351 1904 2587 1967 solitum,

1511 1984 1792 2048 scriptores
1825 1981 2105 2033 Annalium
2161 1996 2515 2032 memor-avere
2537 1972 2581 2030 V

1513 2058 1647 2112 Cato
1667 2060 1886 2110 Porcius
1907 2057 2047 2124 apud
2064 2058 2336 2108 Plutarch.
2346 2057 2574 2122 dicebat,

1512 2137 1567 2188 iu
1592 2137 1782 2203 proeliis
1807 2138 1973 2187 solere
1997 2151 2052 2189 se
2086 2137 2344 2186 ‘clamare
2367 2136 2581 2197 acriter,

1512 2214 1671 2280 ferire
1723 2214 1953 2280 fortiter,
2019 2231 2279 2282 nunquam
2337 2213 2585 2266 recedere

1513 2296 1773 2359 turpiter:
1838 2293 2013 2344 Livius
2042 2294 2132 2343 lib.
2159 2305 2366 2342 xxxm.
2398 2292 2414 2320 ⁴
2440 2291 2587 2344 Raro

1514 2372 1639 2422 alias
1666 2376 1841 2422 tantus
1865 2371 2058 2421 clamor
2080 2370 2271 2420 dicitur
2303 2370 2355 2418 in
2392 2368 2585 2432 princi-

1514 2448 1601 2513 pio
1626 2460 1816 2513 pugnae
1850 2454 2089 2498 coortus:
2124 2460 2241 2496 nam
2274 2444 2415 2497 forte
2447 2436 2602 2496 utra-⁴

1516 2538 1616 2592 que
1641 2526 1778 2576 acies
1807 2525 1959 2574 simul
1991 2521 2419 2574 conclamavere!
2484 2521 2589 2570 Ve-

1517 2603 1827 2653 tustissimus
1850 2609 1933 2651 est
1969 2601 2164 2649 clamor
2199 2599 2300 2649 iste
2330 2599 2591 2662 militaris,

1511 2683 1571 2729 et
1595 2678 1838 2729 Hebraeis
1862 2690 2063 2742 quoqne
2089 2673 2396 2740 Graecisque
2429 2674 2590 2724 usita-

1518 2763 1618 2807 tus.
1651 2754 1893 2807 Aur-elias.

1583 2834 1717 2884 CAP.
1740 2837 1823 2883 47.
1870 2828 2060 2881 Omissa
2096 2822 2234 2892 arbe]
2284 2826 2480 2878 Parnm
2510 2832 2592 2878 at·

1517 2914 1666 2960 tento
1699 2906 1906 2972 lectori,
1939 2907 2147 2973 aliquod
2171 2905 2386 2955 verbum
2406 2905 2590 2957 deesse

1517 2985 1783 3037 videbitur
1801 2985 1921 3035 huic
1943 2983 2247 3035 sententiae:
2272 2998 2388 3048 quae
2415 2986 2607 3047 tamen¹

1517 3063 1818 3127 plenissima
1837 3067 1935 3125 est,
1959 3061 2002 3112 si
2026 3059 2298 3125 superiora
2320 3057 2590 3124 respicias.

1516 3137 1944 3204 subintelligitur
1981 3138 2137 3199 enim,
2181 3136 2235 3187 id
2278 3136 2480 3186 scilicet
2523 3133 2593 3184 ad

1517 3214 1711 3266 bellum
1735 3213 1998 3280 proficisci
2040 3212 2359 3277 principibus
2382 3212 2590 3271 minime

1519 3291 1769 3343 decorum
1789 3305 1897 3341 esse
1920 3289 2120 3339 levibus
2143 3288 2329 3339 causis.
2360 3286 2593 3339 frekena.

1522 3368 1648 3420 Non
1671 3374 1753 3420 est
1767 3368 1932 3418 oratio
1957 3367 2181 3430 integra,
2197 3372 2257 3416 ut
2278 3379 2474 3415 excusa
2495 3371 2594 3416 est.

1522 3449 1666 3513 Lego
1703 3448 1880 3513 igitur,
1918 3448 2084 3512 Neque
2118 3447 2334 3495 decorum
2366 3444 2599 3509 principi-

1521 3527 1627 3592 bus,
1649 3530 1693 3578 si
1714 3544 1809 3578 ana
1842 3529 2051 3577 alterave
2086 3524 2257 3582 civitas
2282 3523 2461 3586 turbet,
2479 3523 2597 3573 omi·

1520 3607 1636 3657 sisse
1679 3606 1858 3669 urbem,
1900 3606 2022 3655 unde
2066 3604 2119 3654 iu
2168 3602 2326 3652 omnia
2365 3603 2595 3665 regimen.

1523 3684 1677 3738 Quod
1703 3683 1913 3749 egregie
1932 3682 2125 3734 dictum
2145 3696 2177 3730 a
2198 3680 2428 3731 Tiberio.
2458 3680 2598 3730 Nam

1521 3763 1537 3789 ‘
1561 3762 1753 3812 celsior
1774 3759 1986 3810 fortuna
2006 3760 2146 3809 celsa
2168 3757 2310 3823 loqui
2327 3763 2386 3807 et
2405 3757 2598 3806 sentire

1526 3836 1726 3890 debet.'
1793 3836 1913 3887 Am.
1934 3838 2103 3887 Marc.
2132 3840 2209 3885 1⁷.
2250 3840 2304 3884 et
2330 3832 2471 3882 istud
2495 3839 2598 3897 est,

1526 3916 1667 3984 quod
1708 3916 1893 3967 Cicero
1922 3920 2196 3977 tantopere
2234 3909 2410 3974 arguit
2443 3908 2601 3960 Pom·

1528 3993 1723 4059 peinm,
1767 3991 1906 4058 quod
1965 3989 2201 4041 omiserit
2253 3986 2456 4050 urbem,
2498 4001 2611 4052 qua.

1530 4069 1719 4119 relicta
1733 4076 1844 4119 tota
1860 4065 2154 4131 respublica
2167 4064 2341 4129 periit.
2357 4063 2611 4127 Aurelian„

1530 4145 1714 4195 Malim
1735 4143 1947 4193 omisisse
1967 4141 2145 4192 urbem.
2201 4140 2436 4190 Freinsh.

1550 4221 1733 4279 Quia
1752 4236 1845 4271 non
1879 4223 2007 4269 metu
2036 4214 2259 4282 ducatur]
2310 4218 2550 4269 Muretus
2571 4229 2603 4271 ο

1533 4297 1745 4362 regione
1771 4310 1972 4355 vocum,
1993 4296 2106 4360 quia
2126 4309 2219 4344 non
2234 4298 2365 4344 mela
2375 4296 2605 4356 «tumtur,

1532 4374 1791 4429 stellatam
1828 4372 2156 4439 adpinxerat.
2221 4370 2359 4424 Mihi
2396 4372 2604 4437 integer
