3009 4942
902 355 1054 405 mn.
1101 359 1185 408 11.
1223 363 1398 415 car».
1442 350 1549 414 54.
1598 350 2036 421 ΑΝΝΑιὲιυΜ.

363 489 596 542 adulatio
640 491 893 547 haberet!
979 501 1201 552 Quando
1259 513 1432 556 autem

358 569 475 618 haec
515 571 631 633 plus
672 571 830 622 habet
869 574 1217 638 dignationis?
1273 582 1430 632 Haud

347 647 517 697 dubie
545 656 671 700 tunc
690 653 929 718 maxime,
950 672 1070 707 cum
1091 660 1430 712 laudatissimi

358 723 862 794 celebratissimique
900 741 1021 783 sunt
1054 736 1145 799 illi,
1181 753 1211 787 a
1242 740 1428 803 quibus

358 800 712 864 quaesitissimi
728 806 977 869 ejusmodi
994 810 1241 862 honores
1226 830 1281 863 in
1298 816 1427 865 alios

358 875 714 928 conferuntur.
765 882 1044 939 Pulchrum
1066 894 1145 939 est
1165 905 1196 939 a
1217 892 1427 942 laudato

356 952 577 1002 laudari.
645 958 811 1008 Tanto
833 961 996 1026 major
1017 966 1239 1018 collatus
1263 968 1428 1019 honor

352 1037 453 1093 est,
471 1041 670 1095 quanto
691 1035 751 1097 is,
786 1037 875 1102 qui
895 1040 1120 1104 confert,
1154 1045 1321 1110 major
1339 1048 1426 1097 ha-

351 1106 966 1176 betur.1ntelligebaut
988 1119 1043 1168 id
1061 1119 1424 1176 Athenienses.

353 1184 456 1233 Sed
494 1192 552 1235 et
589 1191 938 1246 necessarium
980 1197 1280 1261 censebant,
1325 1202 1425 1250 Ro-

350 1262 514 1311 manis
557 1264 610 1313 in
641 1279 882 1327 praeseus
927 1270 1162 1336 despecti
1199 1283 1265 1326 'et
1305 1292 1427 1327 con·

354 1339 563 1403 tempti.
633 1340 953 1395 Refer-antur
974 1349 1095 1411 huc,
1127 1356 1320 1401 et.cum
1343 1354 1423 1404 his

340 1418 760 1483 contendantur,
805 1436 920 1486 quae
964 1427 1120 1488 paulo
1173 1437 1292 1494 post
1348 1445 1426 1481 se-

349 1499 614 1559 quuntur:
672 1498 744 1546 At
786 1499 873 1548 Cn.
914 1501 1049 1561 Piso,
1087 1506 1170 1567 ξε.
1236 1506 1422 1573 Itaque

347 1576 533 1619 vetera
566 1587 777 1622 suorum
813 1573 953 1626 facta
988 1580 1249 1645 dictaque,
1283 1583 1422 1634 inter

349 1647 468 1711 alia,
491 1652 802 1714 praetulere,
838 1655 1129 1720 exquibuS,
1163 1658 1422 1725 nimirum,

348 1730 635 1789 consueret,
675 1738 869 1793 quanta
906 1729 1115 1793 fuisset,
1144 1735 1229 1783 vel
1262 1738 1420 1786 etiam

347 1808 676 1866 quantopere
699 1819 837 1856 nunc
878 1807 1180 1858 aestimanda
1201 1818 1342 1860 esset
1362 1828 1421 1863 ea

347 1880 581 1942 respubl.
622 1896 740 1946 quae
785 1886 958 1933 tamen
998 1892 1145 1936 tanta
1182 1895 1420 1939 veterum

342 1957 554 2022 ducum,
593 1973 786 2022 rerum,
839 1963 1275 2030 consiliorumque
1316 1969 1421 2030 glo-

346 2035 423 2085 ria
471 2042 631 2100 atque
680 2038 1037 2102 magnitudine
1087 2042 1421 2108 circumfusa,

344 2111 482 2161 inter
504 2113 734 2162 omnium
757 2117 980 2166 maxima
996 2123 1051 2167 et
1069 2120 1424 2185 antiquissima

345 2200 484 2239 nunc
529 2190 1117 2256 haberet‚·praeseutem
1154 2198 1423 2249 Germani-

333 2280 482 2329 cum,
523 2269 833 2319 nobilissimi
873 2273 1157 2336 sanguinis,
1193 2276 1421 2325 celebra-

343 2342 670 2408 tissimaeque
730 2345 942 2396 virtutis
986 2348 1288 2412 Principem
1343 2351 1418 2399 in-

341 2419 502 2469 tueri.
572 2420 730 2471 Facta
754 2427 809 2469 et
837 2425 967 2472 dicta
1006 2422 1118 2474 fere
1157 2427 1304 2489 quasi
1339 2442 1418 2476 so-

338 2495 483 2544 lenni
507 2494 750 2561 formula,
779 2500 1417 2564 conjungttntur,cum‘de

337 2570 405 2620 iis
440 2586 612 2621 sermo
648 2579 749 2635 est,
789 2574 875 2638 qui
913 2591 1080 2639 remp.
1118 2584 1418 2629 tenuerunt.

340 2648 497 2697 Facta
538 2656 680 2712 sunt,
726 2652 1005 2716 res-ipsae3
1052 2655 1182 2704 dicta
1223 2662 1416 2718 autem,

341 2724 581 2787 consilia,
615 2727 910 2791 sententiae,
946 2731 1322 2793 auctoritates,
1342 2738 1418 2781 at-

343 2812 448 2864 que
471 2801 727 2865 ejusmodi
752 2804 870 2867 alia,
903 2818 1018 2869 quae
1050 2804 1191 2855 facta
1214 2818 1418 2857 antece-

331 2877 494 2939 dunt.
579 2880 660 2957 Μ.
700 2882 940 2931 Valerius
979 2884 1234 2934 Corvinus
1277 2885 1417 2951 apud

341 2946 792 3005 Livium1.vu.‘
821 2959 977 3011 Quod
1013 2974 1186 3010 meum
1218 2960 1417 3011 t’actum

343 3030 610 3082 dictumve
634 3034 872 3084 Consulis
896 3038 1119 3101 gravius,
1150 3054 1301 3103 quam
1328 3040 1416 3088 tri-

342 3108 472 3158 buni
493 3110 710 3161 audistis
723 3112 758 3158 ?'
791 3113 914 3177 Ipse
936 3116 1155 3165 Tacitus
1190 3117 1243 3165 in
1264 3115 1417 3180 Agri-

344 3188 491 3248 cola;
526 3189 542 3216 ‘
571 3186 635 3237 Id
653 3189 774 3239 filiae
792 3207 993 3256 quoque
1013 3193 1264 3258 uxorique
1284 3209 1417 3258 prae·

343 3265 593 3327 ceperim,
657 3273 715 3316 ut
755 3269 926 3316 omnia
970 3268 1119 3320 facta
1171 3271 1414 3335 dictaque

345 3340 457 3403 ejus
480 3356 658 3392 secum
676 3344 982 3395 revolvant.'
1014 3346 1152 3396 Anu.
1176 3363 1254 3397 lv.
1277 3350 1293 3376 ‘
1309 3347 1415 3398 fac-

339 3422 398 3465 ta
422 3417 667 3484 dictaque
690 3419 949 3484 Augusti,’
974 3424 1243 3488 conjungit
1263 3425 1414 3474 Tibe-

342 3493 450 3542 rius
473 3508 537 3542 ea
558 3496 811 3558 oratione,
831 3513 934 3560 qua
956 3507 1163 3548 recusat
1185 3501 1413 3550 oblatum

344 3569 407 3619 ab
432 3569 688 3634 Hispanis
714 3574 896 3636 'templi
914 3575 1172 3626 honorem.
1219 3577 1413 3628 Histor.

342 3659 427 3703 ιιι.
472 3647 539 3696 de
567 3646 811 3698 ‘Antonio
849 3650 1059 3700 Primo:
1118 3653 1134 3679 ‘
1159 3651 1415 3702 Omnibus

341 3723 502 3773 dictis
539 3723 799 3789 factisque
830 3726 963 3776 viam
998 3728 1098 3777 sibi
1136 3730 1202 3777 ad
1237 3735 1415 3792 poten·

342 3800 468 3848 tiam
494 3800 737 3851 struere.'
805 3801 956 3852 Dicta
977 3810 1097 3852 sunt
1123 3805 1414 3869 sententiae,

344 3876 580 3940 consilia,
596 3890 712 3942 quae
738 3878 780 3926 si
801 3880 1072 3943 magnifica
1094 3887 1233 3942 sunt,
1256 3882 1415 3931 etiam

343 3951 409 4019 ab
427 3961 620 4001 eventu
643 3955 917 4018 destituta,
930 3971 1033 4005 non
1053 3959 1217 4006 minus
1236 3958 1416 4022 digna-

345 4029 498 4077 tionis
522 4029 737 4093 habent,
758 4039 813 4081 et
832 4032 1109 4084 conferunt
1126 4036 1247 4098 suis,
1262 4050 1416 4100 quam

345 4107 463 4170 ipsa
501 4106 663 4157 facta.
750 4112 926 4160 Quare
966 4113 1122 4160 etiam
1163 4128 1194 4161 a
1239 4112 1415 4175 factis,

346 4184 441 4233 hac
477 4184 726 4250 loquendi
764 4187 967 4237 ratione
1010 4188 1416 4253 distinguuntur.

345 4258 532 4327 Neque
547 4263 756 4325 publica
768 4263 899 4313 dicta
916 4266 1085 4314 minus
1103 4280 1254 4330 quam
1259 4266 1418 4332 facta,

349 4335 631 4391 Annalium
653 4339 1111 4421 laudationumque
1131 4347 1253 4395 sunt
1270 4340 1430 4409 argu-⁰

1506 518 1769 576 mentum;
1804 522 1878 579 et,
1898 516 2146 582 si‚quod‘
2122 534 2232 582 Jam
2246 519 2568 609 dlxi,erecta

1506 589 1612 639 sint
1645 607 1707 640 ac
1746 593 1973 659 heroica,
2029 595 2164 645 baud
2201 597 2367 648 minus
2411 614 2567 664 quam

1503 658 1663 731 facta,
1682 670 1733 719 in
1751 678 2018 727 auctorum
2036 677 2092 721 et
2107 688 2332 737 rerump.
2351 676 2567 738 gloriam

1505 743 1718 794 cedunt.
1786 746 1961 796 Possis
1984 747 2139 798 etiam
2162 750 2313 812 dicta,
2345 752 2568 816 imperia

1503 821 1855 886 interpretari.
1940 825 2016 874 Ut
2055 826 2213 876 dicere
2261 842 2400 891 saepe
2442 830 2570 879 nihil

1502 896 1642 946 aliud
1664 898 1921 963 designat,
1936 915 2084 965 quam
2102 902 2389 967 imperare:
2426 905 2565 955 unde

1504 972 1684 1022 Edicta
1722 980 1779 1022 et
1823 976 2126 1026 Dictator-um
2184 992 2389 1028 nomen.
2440 982 2445 987 ’
2478 981 2565 1031 Ita

1499 1048 1630 1098 dicta
1647 1049 1855 1114 accepit
1868 1052 2080 1104 Tacitus
2100 1054 2194 1104 sub
2209 1055 2408 1113 initium
2429 1054 2565 1108 Anu.

1500 1137 1579 1172 vr.
1637 1126 1652 1151 ‘
1679 1125 1928 1176 Quid·iui
1968 1142 2087 1178 cum
2126 1129 2405 1180 militibus?
2438 1134 2565 1196 quos

1500 1213 1667 1263 neque
1708 1201 1849 1251 dicta
1882 1218 2050 1269 neque
2082 1206 2293 1270 praemia
2323 1207 2563 1270 accipere

1499 1276 1600 1324 nisi
1635 1276 1702 1325 ab
1737 1278 2057 1343 imperatore
2091 1294 2187 1345 par
2220 1283 2395 1333 esset!
2459 1284 2565 1334 An·

1496 1351 1614 1401 nius
1631 1353 1858 1417 Setinus,
1871 1356 2076 1407 Praetor
2088 1359 2407 1423 Latinorum,
2424 1361 2564 1426 ap'ud

1495 1429 1609 1477 Liv.
1646 1431 1680 1479 l.
1706 1445 1829 1480 vm.
1861 1433 1877 1459 ‘
1899 1433 2039 1484 Quid
2072 1435 2236 1499 abest,
2268 1437 2410 1501 quin,
2443 1452 2563 1500 pro-

1497 1505 1596 1555 diti
1612 1508 1876 1569 Sidicinis,
1893 1525 1995 1560 non
2014 1510 2361 1563 Romanorum
2381 1516 2564 1580 solum,
2656 1564 2667 1571 ,

1498 1585 1591 1634 sed
1626 1587 1932 1638 Samnitium
1967 1605 2173 1655 quoque
2206 1591 2349 1642 dicto
2382 1607 2564 1656 parea-

1497 1675 1609 1710 mus
1624 1662 1660 1710 ?’
1727 1664 1812 1713 De
1836 1665 1917 1714 bis
1942 1668 2090 1731 plura
2126 1666 2252 1717 mihi
2287 1667 2468 1718 dicere
2499 1669 2564 1728 ,li-

1496 1745 1663 1801 ceret,
1700 1741 1796 1789 nisi
1830 1755 2011 1791 manus
2050 1743 2288 1808 injiceret
2320 1759 2562 1809 compen-

1496 1816 1637 1865 dium
1682 1818 1856 1881 hujus,
1895 1818 2034 1883 quod
2070 1819 2182 1883 jam
2228 1823 2565 1885 excessimus,

1493 1895 1663 1943 nostri
1698 1895 1942 1945 instituti.
2011 1896 2173 1946 Videt
2209 1897 2430 1962 quisque
2465 1901 2562 1948 Ta-

1495 1971 1591 2020 citi
1636 1977 1881 2034 mentem,
1925 1979 1982 2023 et
2022 1987 2135 2035 cur,
2180 1989 2240 2023 ac
2282 1975 2558 2039 quomodo,

1496 2053 1729 2096 veterum
1753 2047 2142 2099 Atheniensium
2168 2049 2308 2109 sacta
2345 2051 2562 2114 dictaque

1494 2122 1549 2171 in
1571 2123 1807 2173 medium
1832 2126 2004 2190 allata,
2041 2122 2107 2175 ad
2140 2126 2231 2176 hos
2262 2127 2564 2192 quaesitissi-

1485 2209 1623 2262 mos,
1679 2200 1993 2251 Germanico
2048 2202 2268 2266 delatos,
2323 2204 2560 2268 honores,

1493 2276 1770 2338 plurimum
1788 2279 2062 2329 attulerint
2076 2280 2409 2344 dignationis).
2455 2279 2561 2330 Ne·

1493 2365 1597 2416 que
1625 2352 1736 2416 jam
1770 2367 1981 2403 necesse
2015 2362 2114 2416 est,
2147 2370 2324 2405 eorum
2359 2355 2561 2419 conjec-

1493 2433 1635 2476 turas
1658 2427 1918 2492 refellere,
1959 2430 2044 2494 qui
2076 2431 2212 2480 hunc
2246 2431 2415 2481 locum
2448 2446 2560 2482 mu-

1492 2509 1606 2553 tare
1627 2511 1749 2554 sunt
1772 2507 2017 2568 aggressi.
2048 2508 2368 2557 Bou-homins.
2538 2527 2549 2539 ·

1560 2581 1694 2631 CAP.
1717 2587 1800 2631 54.
1839 2583 2122 2632 Transmisit
2160 2582 2382 2646 Lesbum]
2433 2583 2561 2635 Qui-

1493 2655 1610 2707 dam
1636 2658 2036 2721 interpretatur,
2070 2665 2453 2722 praetervectus
2475 2665 2559 2709 est

1491 2735 1735 2796 Lesbum,
1787 2734 1921 2799 quod
1959 2750 2139 2784 verum
2175 2735 2367 2798 potiuS,
2398 2749 2555 2798 quam

1493 2811 1684 2861 Latino
1706 2813 1866 2862 verbo
1889 2814 2247 2862 transmittendi
2270 2820 2471 2863 exacte·
2481 2827 2559 2862 re-

1492 2887 1774 2950 spondens,
1813 2888 2056 2939 arbitror.
2122 2890 2258 2938 Nam
2293 2889 2560 2939 transmisit

1490 2961 1710 3027 Lesbum,
1747 2966 1904 3028 valet,
1943 2966 2008 3014 ab
2049 2967 2248 3015 Euboea
2272 2967 2482 3031 trajecit
2505 2967 2560 3016 in

1490 3040 1744 3089 Lesbum:
1782 3041 1858 3090 uti
1879 3057 2051 3104 supra,
2076 3056 2113 3091 1.
2138 3048 2189 3092 5.
2223 3044 2239 3070 ‘
2263 3044 2558 3093 Planasiam

1492 3116 1731 3180 vectum,'
1751 3132 1843 3180 pro
1869 3118 1920 3165 in
1944 3118 2256 3168 Planasiam.
2294 3120 2515 3171 Freinsha

1556 3193 1769 3242 laternis
1799 3195 2153 3257 certaminibus,
2187 3201 2271 3245 aut
2307 3196 2562 3258 magistra-

1488 3275 1625 3319 tuum
1641 3270 1856 3334 injuriis]
1890 3272 2080 3320 Cicero
2105 3273 2169 3320 ad
2191 3273 2256 3323 Q,
2278 3273 2364 3320 Fr.
2383 3274 2558 3336 Epist,

1489 3361 1530 3396 1.
1553 3352 1601 3396 8.
1635 3350 1650 3375 ‘
1677 3347 2056 3412 Cujus·quidem
2076 3349 2297 3411 generis,
2315 3357 2557 3399 constare

1489 3424 1627 3473 iuter
1667 3438 1844 3472 omues
1882 3425 2052 3487 video,
2088 3425 2177 3473 abs
2217 3432 2267 3472 te
2311 3439 2558 3475 summam

1489 3500 1726 3550 adhiberi
1748 3500 2092 3563 diligentiam,
2119 3498 2314 3549 nullum
2339 3517 2410 3551 aes
2435 3502 2559 3551 alie-

1489 3591 1611 3624 num
1628 3592 1817 3625 novum
1841 3578 2079 3627 contrahi
2104 3576 2432 3627 civitatibus:
2475 3594 2560 3628 ve-

1492 3658 1605 3701 tere
1646 3661 1820 3703 autem
1862 3669 2068 3717 magne,
2103 3660 2157 3703 et
2192 3656 2337 3717 gravi
2375 3656 2561 3705 multas

1491 3729 1582 3777 abs
1606 3736 1655 3778 te
1691 3744 1806 3778 esse
1846 3731 2089 3779 liberatas
2123 3732 2302 3794 urbes,
2333 3734 2563 3796 complu-

1489 3805 1594 3853 reis
1638 3805 1859 3868 dirutas,
1900 3822 1959 3855 ac
2006 3822 2157 3870 poene
2200 3807 2456 3870 desertas,
2504 3809 2559 3857 iu

1491 3882 1678 3948 quibus
1702 3900 1853 3933 unam
1880 3886 2039 3935 loniae
2064 3886 2450 3946 nobilissimam,
2489 3886 2574 3953 ul-⁸

1493 3966 1657 4008 teram
1683 3959 1874 4023 Cariae,
1910 3964 2118 4010 Samum
2160 3971 2214 4009 et
2239 3961 2562 4023 Halicarnas-

1490 4052 1621 4100 sum,
1634 4054 1730 4102 per
1753 4047 1804 4089 te
1825 4054 1937 4088 esse
1959 4047 2245 4089 recreatas:
2272 4038 2435 4090 nullas
2455 4039 2559 4087 dis-

1492 4115 1727 4165 cordias:
1763 4116 2028 4180 provideri
2045 4120 2135 4164 abs
2157 4125 2224 4174 te,
2241 4122 2296 4166 ut
2313 4115 2558 4173 civitates

1491 4193 1802 4255 optimatum
1839 4194 2064 4242 consiliis
2095 4193 2557 4242 administrentur:

1490 4268 1694 4318 sublata
1760 4269 1950 4333 Mysiae
2007 4269 2317 4319 latrociniaz
2385 4269 2557 4320 caedes

1460 4344 1463 4348 ’
1491 4344 1670 4408 multis
1707 4344 1837 4397 locis
1874 4340 2166 4412 repressas:
2220 4359 2406 4415 pacem
2444 4349 2561 4401 tota
