3009 4942
462 392 637 505 4118

464 556 693 607 minatur
727 568 847 617 vax,
879 553 1162 615 libertatem,
1182 567 1350 617 neque
1374 550 1425 599 id
1451 557 1527 599 te-

465 651 641 697 mere;
674 636 814 685 illam
857 643 912 684 et
950 649 1042 682 nos
1067 633 1361 695 adjecimus.
1429 630 1527 678 Est

465 714 624 763 etiam
660 711 930 761 iii-eodem
966 711 1117 770 libro,
1140 709 1201 757 ad
1225 707 1527 767 dictionem,

459 789 789 852 perverterint,
832 787 886 836 in
931 787 1160 850 margine
1206 785 1526 846 adnotatum,

464 866 556 937 sed
579 865 781 925 eadem,
798 872 856 914 ut
882 864 1105 925 videtur,
1128 863 1340 925 antiqua
1355 876 1527 924 manu,

462 942 837 1006 impetraverint.
906 941 1149 989 Picbena.

532 1020 768 1068 CAP.23.
808 1018 1027 1079 Ostorius
1055 1015 1283 1078 Sabinus]
1316 1016 1529 1064 Mutant

466 1096 601 1147 libri.
634 1095 760 1158 Alii,
794 1095 887 1144 sibi
921 1094 1101 1144 Torius.
1135 1093 1306 1143 Vatic.
1340 1092 1528 1141 Subito-

466 1173 587 1223 rias.
660 1172 832 1222 Flexit
869 1185 952 1220 me
989 1177 1049 1220 ut
1092 1171 1310 1236 Ostorius
1336 1169 1529 1218 scribe

468 1264 579 1299 rem
603 1250 743 1298 locus
763 1247 916 1310 infra,
950 1248 1016 1297 de
1038 1249 1135 1297 boc
1156 1248 1297 1311 ipso:
1333 1248 1348 1275 ‘
1373 1249 1530 1297 Osto-

468 1328 546 1377 rio
579 1327 876 1389 duodecies,
897 1333 951 1375 et
977 1325 1268 1378 Quaestoria
1304 1325 1530 1389 insignia

467 1403 803 1454 tribuuntur!
867 1403 1073 1467 Lipsius:

534 1481 744 1530 Inultam
776 1480 1020 1543 omiserat]
1053 1480 1227 1530 Vatic.
1250 1480 1395 1530 Male
1420 1472 1542 1529 vul-⁵

471 1573 555 1621 go,
574 1557 791 1607 invitam.
858 1559 1026 1607 Idem.

542 1635 610 1683 Ut
644 1638 707 1683 ad
742 1639 940 1684 externa
969 1635 1237 1684 rumoribus
1253 1635 1531 1684 intestinum

468 1713 613 1760 scelus
628 1711 981 1779 obscuraretaaer]
1017 1710 1125 1760 Aut
1148 1711 1532 1773 subintelligen-

471 1787 558 1849 da,
594 1794 685 1836 aut
724 1788 957 1857 addenda
982 1803 1106 1836 vox:
1150 1789 1216 1837 Ut
1237 1790 1299 1837 ad
1334 1793 1532 1837 externa

470 1866 618 1915 versis
636 1866 863 1918 rumorib.
911 1867 1030 1929 Vel,
1052 1872 1106 1915 ut
1127 1868 1273 1917 versis
1292 1870 1354 1917 ad
1376 1873 1534 1917 exter-

470 1957 533 1991 na
554 1943 834 2011 rumoribus.
874 1943 1154 2013 Acidalius.
1221 1945 1360 1994 Olim
1384 1944 1535 1994 dubi-

474 2019 602 2080 tavi,
640 2033 761 2068 num
798 2021 1095 2083 legendum,
1135 2025 1191 2069 ut
1226 2021 1285 2069 ab
1323 2021 1537 2070 externis

471 2096 695 2166 rumai-ib.
722 2097 814 2146 sed
843 2098 953 2161 jam
993 2104 1255 2162 utcunque
1275 2098 1534 2161 vuigatam

473 2172 748 2221 lectionem
770 2171 909 2223 fero:
951 2180 1009 2223 ut
1045 2170 1158 2223 scil.
1190 2173 1536 2223 existentibus

473 2251 654 2300 Romae
699 2253 987 2302 rumoribus
1030 2253 1094 2302 ad
1120 2267 1221 2303 ,res
1272 2259 1536 2313 externas,

471 2327 641 2377 scelus
663 2328 965 2378 intestinum
998 2328 1381 2379 obscuraretur.
1447 2329 1535 2377 Pi-

472 2405 632 2454 chena.
681 2404 988 2456 verosimile
1019 2413 1122 2468 est,
1156 2408 1393 2457 relietum
1432 2408 1536 2471 pri,-

423 2523 426 2526 ⁴
469 2481 630 2531 mitus
654 2497 684 2530 a
703 2481 902 2555 Tacite,
918 2488 972 2532 ut
993 2485 1054 2532 ad
1075 2488 1271 2532 externa
1295 2497 1534 2568 rumorum

469 2559 632 2608 intest.
699 2558 974 2610 Gruterus.
1042 2602 1046 2607 .

539 2636 672 2687 CAP.
692 2640 794 2685 24»
811 2638 1117 2689 Exterritam
1152 2638 1404 2688 Thraseam
1436 2652 1537 2686 sen-

471 2713 634 2776 sisse]
656 2713 932 2763 Sententia
966 2729 1164 2764 mecum
1201 2714 1364 2777 malit,
1389 2715 1538 2777 scrip:

437 2825 442 2830 .
471 2789 620 2840 sisse.-
669 2795 725 2840 et
758 2791 895 2854 qnod
936 2791 1173 2854 praevidi,
1206 2789 1380 2839 firmat
1420 2791 1538 2840 Flo-

476 2867 713 2916 rentinus
736 2882 872 2915 nuuc
895 2869 1078 2936 codes.
1146 2868 1352 2932 Lipsius.

540 2942 750 3006 Sperans
789 2945 1072 2992 exten-itum
1110 2945 1363 2994 Thraseam
1391 2945 1538 3011 scrip-

476 3018 617 3082 sisse]
667 3020 754 3069 Ita
796 3018 1027 3083 Faernus
1071 3021 1278 3082 legebat
1321 3035 1415 3085 pro
1457 3035 1538 3084 eo,

478 3097 617 3161 quod
643 3103 733 3146 «est
771 3097 824 3146 in
857 3097 1104 3160 vulgatis:
1149 3097 1400 3148 Thraseam
1434 3112 1541 3145 sen·

467 3171 594 3232 sisse
630 3187 719 3236 per
762 3188 883 3236 quoe,
923 3175 1005 3236 ᾅτ.
1071 3173 1312 3221 Ursinus,
1393 3173 1538 3220 Male

477 3249 652 3312 vulgo,
678 3250 886 3312 sensisse.
909 3249 1169 3319 Cori-exi
1202 3265 1267 3299 ex
1301 3249 1439 3299 Flor.
1466 3248 1542 3296 id-

479 3339 580 3389 que
620 3329 933 3390 conjecturae
957 3313 1272 3389 praeviderat
1312 3325 1540 3390 Lipsius,

405 3409 410 3418 ’
477 3401 704 3453 Pichena.

485 3472 492 3478 “
544 3481 679 3532 cn».
698 3488 779 3532 25.
803 3484 1052 3535 Secretum
1063 3484 1375 3548 circumdare]
1397 3484 1544 3533 Bene

479 3557 583 3606 mei
606 3559 742 3620 libri,
767 3575 878 3623 prae
902 3560 1038 3625 quod
1059 3561 1227 3624 vulgo,
1245 3563 1394 3611 otium
1415 3563 1545 3611 dare.

483 3634 705 3709 Lipsius.

479 3726 482 3729 ⁴
546 3711 789 3761 Sec-retum
822 3714 973 3764 ocium
1002 3714 1136 3777 dare]
1192 3716 1397 3765 Notant
1434 3729 1546 3775 eos,

481 3781 573 3852 qui
608 3787 734 3837 nibil
776 3796 1038 3840 tentantes
1077 3806 1232 3840 venas
1269 3793 1321 3840 in
1348 3791 1544 3840 balneis

480 3864 772 3927 solvebant,
794 3868 876 3915 vel
899 3867 1036 3916 intra
1051 3866 1360 3917 domesticos
1376 3869 1544 3932 parie-

480 3948 563 3991 tes
618 3957 674 3992 se
729 3945 867 4008 ipsos
919 3944 1306 4008 transfigebant.
1372 3945 1544 3995 Tacit.

481 4021 777 4071 dict.10co:
831 4023 846 4048 ‘
870 4021 1140 4085 Effugeret
1162 4037 1368 4085 segnem
1414 4038 1565 4082 mor-5

480 4103 608 4158 tem,
629 4098 811 4165 ocium.
816 4097 829 4118 '
896 4098 1233 4148 Contendunt
1269 4099 1464 4162 itaque,
1489 4107 1544 4146 nt

482 4173 737 4237 prodeat'
725 4189 775 4222 ιιι
803 4175 1082 4259 publicum,
1107 4182 1176 4236 et
1212 4175 1413 4225 laudem
1437 4176 1545 4239 glcr-

483 4249 716 4313 riamque
757 4249 909 4299 dictis
944 4248 1281 4328 m'pgnanimis
1306 4250 1546 4312 asciscat,

482 4324 569 4373 vel
589 4338 659 4375 ea
691 4325 874 4376 saltem
896 4326 963 4376 de
983 4342 1193 4386 caussa.
1234 4332 1250 4358 ‘
1276 4329 1546 4394 Distingui

1153 406 1369 458 No'rAE
1415 403 1820 455 vAmoRUM
1871 403 1949 456 IN

1601 554 1753 599 certe
1786 547 1922 612 apud
1964 551 2199 610 posteros
2234 541 2535 611 memoriam
2569 543 2679 595 ho·-

1602 626 1739 674 nesti
1759 625 1931 673 exitus
1956 623 2021 672 ab
2055 621 2257 685 ignavia
2286 634 2383 685 per
2403 621 2671 670 silentium

1604 699 1967 765 pereuntium.'
2036 699 2293 748 Caeterum
2336 710 2432 761 per
2457 697 2669 747 doctiss-

1604 778 1765 826 virum
1783 777 1893 839 jam
1915 775 2068 825 ocium
2089 775 2349 843 exulabat.
2386 773 2673 823 Salinerinu:

1604 854 1775 902 Etiam
1820 867 1852 900 a
1894 853 2033 919 Flor.
2069 850 2399 919 confirmatur
2438 850 2675 912 verbum,

1602 932 1907 994 circumdare,
1950 945 1982 979 a
2026 927 2202 994 Lipsio
2247 945 2312 978 ex
2360 929 2475 976 aliis
2521 928 2671 998 libris

1605 1010 1908 1074 repositum.
1959 1010 2165 1073 Vulgo,
2206 1008 2355 1056 otium
2392 1009 2527 1055 dare.
2582 1006 2674 1055 Pi-

1607 1088 1788 1136 ebena.

1670 1163 1875 1213 Audin-et
1892 1166 2081 1210 senatu
2099 1174 2230 1209 voces
2240 1158 2372 1222 quasi
2393 1172 2457 1208 ex
2471 1158 2679 1221 quodam

1604 1224 1817 1301 numine]
1854 1238 2154 1296 Emendavi,
2187 1237 2323 1301 quasi
2343 1251 2403 1285 ex
2439 1236 2598 1299 aliquo
2620 1250 2675 1284 ιι.

1606 1317 1897 1366 Rhenanus.

1670 1394 1762 1443 Sin
1800 1393 2069 1443 crudelitati
2105 1391 2369 1454 insisteret]
2416 1389 2681 1452 Fecimus,

1597 1471 1890 1534 persisteret.
1956 1470 2115 1518 Forte
2140 1467 2490 1529 scribendum,
2511 1466 2679 1514 crude·

1603 1549 1760 1598 litate.
1795 1548 2090 1596 Rhenanus.
2174 1547 2393 1594 Secutus
2419 1558 2532 1592 sum
2555 1543 2680 1591 Flo-

1604 1626 1863 1676 rentinum
1902 1641 1964 1674 ac
1999 1626 2259 1674 Venetam
2296 1623 2565 1686 legentes3
2597 1615 2680 1668 εἴη

1603 1703 1875 1754 crudelitati
1912 1703 2200 1752 insisteret(
2230 1706 2284 1749 at
2328 1701 2383 1748 in
2418 1697 2680 1761 vulgatis3

1604 1787 1679 1835 sin
1700 1785 1955 1835 crudelitas
1973 1781 2265 1846 persisteret.
2331 1777 2583 1825 Pichena.

1677 1863 1812 1912 CAP.
1837 1866 1917 1911 26.
1944 1861 2124 1908 Contra
2146 1857 2229 1921 qui
2245 1853 2575 1918 opperiendum
2595 1852 2683 1900 do-

1607 1940 1675 1989 mi
1711 1936 1981 1998 censebant]
2032 1932 2224 1997 Regius
2269 1930 2473 1992 Codex,
2514 1933 2684 1977 eontra

1609 2017 1689 2081 qui
1731 2016 2062 2079 opperiendum
2103 2026 2205 2058 eum
2245 2007 2370 2057 domi
2415 2003 2684 2055 censebant.

1610 2095 1767 2143 Forte
1800 2090 2093 2155 legendum,
2128 2084 2461 2149 opperiendum
2488 2082 2533 2130 ei
2553 2079 2687 2128 domi

1609 2170 1870 2220 censebant.
1937 2168 2231 2216 Rhenanus.

1678 2248 1946 2309 Superesse,
1967 2258 2047 2306 qm
2037 2240 2268 2302 ‘forsitan
2288 2251 2454 2286 manus
2474 2235 2686 2296 ictusque

1605 2342 1696 2392 per
1716 2324 2060 2374 immanitatem
2077 2317 2310 2381 Augusti]
2341 2317 2398 2363 ‘H
2414 2312 2686 2371 ἆποσιώπη.

1609 2421 1699 2462 σις,
1737 2403 1845 2451 sive
1883 2398 2179 2458 reticentia,
2213 2394 2445 2460 graviter
2484 2391 2685 2441 dicenti

1609 2482 1740 2530 satis
1799 2483 1922 2541 apta
1974 2482 2095 2524 est·
2152 2487 2269 2521 nam
2326 2477 2384 2519 ut
2440 2471 2685 2518 Demetr.

1610 2556 1801 2617 Ποιήσει
1823 2553 2080 2616 δεινότερον
2094 2550 2180 2600 τὸν
2198 2548 2379 2611 λόγονι
2421 2547 2460 2596 i.
2483 2545 2684 2610 gravio-

1612 2653 1722 2687 rem
1746 2635 1906 2686 faciet
1929 2633 2232 2682 orationem.
2281 2628 2297 2655 ⁴
2334 2627 2480 2677 Quos
2521 2638 2684 2687 ego-—

1612 2716 1705 2765 sed
1749 2720 1914 2762 motos
1957 2712 2177 2773 praestat
2215 2714 2529 2766 componere
2563 2699 2687 2748 fluc-

1615 2795 1732 2847 tus?
1796 2792 1898 2845 Qui
1918 2791 2196 2840 Thraseam
2221 2780 2488 2833 deterreie
2513 2779 2686 2829 stu‘de-

1612 2873 1743 2922 bant
1780 2886 1811 2919 a
1848 2873 2059 2919 senatus
2082 2866 2337 2927 ingressu,
2358 2857 2686 2908 contumeliis

1613 2948 1665 2997 id
1710 2946 1989 3006 faciebant,
2025 2957 2142 3007 quae
2181 2940 2324 2988 illum
2368 2934 2685 3000 gravissimae

1614 3030 1917 3075 manerent:
1954 3036 2043 3070 eos
2077 3032 2200 3067 vero
2236 3015 2448 3064 'flacitus
2487 3011 2687 3060 inducit

1614 3102 1781 3152 verba
1805 3087 2204 3163 supprimentes,
2231 3093 2352 3158 quia
2387 3092 2472 3153 (nt
2494 3091 2687 3141 Deme-

1613 3177 1769 3239 trius)
1784 3179 1880 3225 πᾶν
1896 3174 1955 3222 τὸ
1978 3169 2315 3231 ὑπονοούμενον
2333 3165 2688 3231 φοβερῶτεροντ

1614 3255 1650 3306 i.
1699 3252 1961 3318 Quicquid
2009 3248 2345 3313 suspicamur,
2387 3242 2686 3292 horribilius

1616 3338 1713 3381 est.
1782 3331 1882 3378 Vel
1920 3343 2014 3392 pro
2051 3341 2105 3375 se
2145 3324 2361 3389 quisque
2405 3321 2690 3379 obscurant

1616 3409 1793 3458 futura
1815 3404 2056 3465 ludibria,
2079 3407 2193 3466 quae
2215 3393 2314 3449 viri
2337 3396 2563 3447 caritate
2580 3395 2689 3444 fere

1617 3489 1882 3547 nequeunt
1922 3457 2208 3539 coiitiueie,
2243 3475 2398 3539 idque
2440 3473 2687 3522 Thraseae

1617 3557 1943 3608 venerationi
1966 3556 2109 3603 dant.
2143 3551 2363 3604 Quintil.
2387 3562 2469 3598 11.
2493 3552 2545 3599 2.
2579 3549 2595 3576 ‘
2616 3552 2690 3597 os*

1620 3634 1792 3685 tendit
1812 3633 2061 3697 [loquitur
2098 3629 2165 3691 de
2191 3625 2497 3689 reticentia]
2535 3623 2688 3674 affec·

1621 3720 1705 3762 tus
1740 3713 1851 3771 irae,
1892 3711 1975 3758 vel
2023 3705 2402 3766 sollicitudinis,
2447 3710 2510 3772 et
2544 3702 2688 3767 quasi

1621 3786 1922 3853 religionis!
1985 3787 2180 3835 Siletur
2217 3789 2389 3831 autem
2422 3781 2689 3831 intendant.

1625 3868 1828 3916 Praeter
1842 3864 2055 3928 Eprium
2075 3869 2127 3909 et
2146 3859 2511 3909 Cossutianum
2527 3856 2689 3922 (dice-

1623 3945 1749 3993 bant
1772 3944 1949 4006 amici)
1969 3939 2222 3999 convicia,
2264 3943 2320 3985 et
2357 3934 2522 4002 (quod
2548 3933 2689 3984 nefas

1622 4021 1797 4079 dictu)
1820 4018 2040 4068 verbera
2064 4032 2094 4065 a
2117 4016 2263 4064 malis
2287 4020 2343 4062 et
2365 4027 2394 4060 a
2432 4012 2579 4061 bonis
2601 4026 2690 4061 ex-

1622 4105 1813 4161 pectaz
1844 4096 1909 4145 ab
1948 4095 2067 4155 illis,
2104 4092 2318 4141 student
2350 4090 2493 4138 enim
2522 4089 2690 4143 solum

1622 4173 1821 4223 saevitia
1844 4173 1974 4220 inire
2007 4170 2227 4243 gratiam
2249 4181 2277 4216 a
2304 4168 2532 4216 Nerone.
2597 4162 2690 4212 Su-

1619 4257 1799 4313 peresse
1818 4252 1899 4312 qai
1934 4262 2097 4297 manus
2128 4247 2340 4308 ictusque
2366 4259 2455 4317 per
2474 4240 2691 4292 immani·

1621 4331 1769 4379 tatem
1791 4325 2030 4389 Augusti.-
2061 4323 2127 4374 ab
2161 4321 2244 4372 his
2277 4326 2501 4386 urgente
2528 4324 2697 4382 metu,
