3009 4942
464 384 638 471 4262

467 558 601 617 dicis
636 577 807 628 causa,
828 566 1030 628 raptam
1058 562 1113 613 in
1141 562 1249 628 jus,
1279 556 1402 613 aute
1438 560 1531 612 Pi·

467 644 700 694 chenam.
750 642 884 691 Saue
907 635 1029 690 b’oni
1052 640 1191 690 succi
1210 641 1354 690 nulla
1376 641 1430 691 in
1454 639 1531 690 eis

464 722 690 786 guttula.
757 719 940 782 vatic.⁸
963 717 1092 768 edit.
1113 718 1348 782 proxime
1385 730 1535 768 acce·

467 798 547 848 dit
600 796 669 847 ad
724 795 1097 860 autographum
1152 795 1532 859 Florentinum,

464 873 749 938 habetque,
770 872 978 922 contenti
1006 871 1215 920 martine
1234 871 1532 922 discrimine.-

466 956 508 1002 e'
543 951 730 1016 quibus
772 949 899 998 nihil
941 947 1099 998 elicio
1137 947 1340 1009 melius,
1379 950 1532 1012 qna‘m

465 1028 607 1093 quod
662 1026 806 1076 venit
848 1024 914 1074 'in
975 1029 1204 1074 mentem
1264 1025 1530 1075 Pichenae.

467 1105 736 1157 Gruterus:
1031 1122 1037 1129 ·
1226 1122 1232 1129 ·
1297 1118 1304 1127 ·
1467 1124 1472 1129 ·

507 1183 657 1238 ·Qme
692 1195 784 1230 non
822 1179 1073 1238 dabantur,
1106 1178 1312 1243 remisit]
1351 1178 1532 1229 Codex

466 1258 713 1308 Matthiae
753 1258 984 1319 Corvini,
1009 1258 1118 1314 Qua
1150 1273 1242 1308 uon
1281 1258 1532 1321 dahantar,

463 1336 642 1385 omisit.
709 1333 896 1384 Adhuc
917 1336 1084 1384 nullus
1100 1335 1398 1384 commodus
1421 1350 1534 1385 sen··

467 1428 551 1463 sus
587 1413 709 1463 elici
745 1420 941 1478 potest.
1008 1414 1246 1463 Proitou
1279 1413 1533 1477 dabantur,

466 1486 603 1557 lego,
641 1491 1003 1555 nunciabantur,
1046 1498 1102 1542 et
1144 1492 1277 1542 bene
1321 1492 1535 1544 habebit

465 1571 630 1633 locus.
700 1569 1400 1632 Qaoenunciabantur,omisit;
1434 1572 1534 1622 hoc

464 1634 569 1709 est,
590 1646 764 1696 omisit
801 1648 986 1710 punire
1023 1653 1286 1697 senatores
1313 1649 1538 1713 equites-

466 1722 590 1790 que,
611 1724 676 1774 de
695 1724 879 1789 quibus
900 1723 1198 1773 nunciatum
1221 1722 1378 1786 foret,
1397 1723 1534 1790 quod

466 1818 498 1850 e
522 1800 705 1852 castris
737 1816 794 1850 se
817 1800 1197 1851 subduxissent.
1263 1800 1533 1850 Rhenanus.

466 1879 607 1930 Flor.
621 1895 723 1944 quoe
738 1893 831 1928 non
847 1878 1098 1941 dubitatur,
1113 1879 1315 1932 remisit.
1344 1879 1537 1943 Vulgo,

464 1956 641 2005 omisit.
677 1955 928 2006 Pichena.
996 1955 1178 2021 Apage
1199 1955 1338 2006 istud
1361 1957 1538 2020 omisit,

463 2036 646 2082 hatum
687 2048 717 2085 e
762 2034 878 2085 cod.
921 2033 1172 2097 Budensi,
1220 2035 1536 2085 restituatur

465 2108 576 2160 Ms.
617 2109 842 2160 omnium
877 2110 1289 2178 editionumque,
1323 2112 1537 2162 remisit.-
1576 2158 1583 2165 .

463 2186 567 2239 alia
588 2189 726 2239 enim
747 2189 903 2254 longe
920 2189 997 2240 vis
1019 2190 1071 2239 in
1093 2190 1191 2240 hac
1209 2204 1359 2259 voce,
1378 2204 1535 2255 quam

463 2265 648 2317 altera.
711 2265 817 2316 Sed
854 2266 1225 2331 ignoscendum
1266 2268 1533 2331 Rhenano,

465 2343 559 2408 qui
595 2357 662 2392 ne
701 2357 796 2406 per
830 2345 1081 2394 somnium
1120 2345 1399 2395 adsecutus
1430 2345 1534 2396 loci

464 2418 621 2482 hujus
641 2420 987 2482 sententiam;
1024 2422 1210 2485 utique
1230 2437 1348 2472 cum
1375 2429 1432 2472 et
1452 2424 1535 2472 da-

465 2497 641 2547 bantur
678 2503 848 2549 mutet
891 2497 943 2546 in
984 2499 1350 2550 nuntiabantur:
1394 2499 1534 2565 qnod

462 2575 609 2624 nullo
631 2575 786 2624 modo
820 2575 1032 2626 tolerari
1069 2582 1247 2640 potest
1281 2578 1421 2627 circa
1442 2578 1534 2646 Vi?

467 2651 688 2714 tellinm,
730 2651 1076 2716 imperantem
1122 2654 1238 2717 plus
1282 2655 1532 2718 precario.

465 2728 723 2780 Gruterus.

507 2807 671 2859 ΟΑΡ.
693 2811 773 2858 59.
806 2808 1026 2859 Possessa
1054 2809 1302 2874 Mevania]
1334 2811 1532 2860 Mur-et.

464 2884 675 2935 obsessa.-
705 2885 858 2936 male.
911 2886 1130 2934 Possessa
1147 2894 1226 2936 est
1246 2894 1425 2935 nostro
1448 2901 1536 2936 oc-

466 2966 678 3025 cupata.
711 2961 796 3011 Sic
820 2977 866 3012 c.
891 2965 939 3010 8.
963 2961 1112 3026 hujus
1128 2962 1218 3013 lib.
1252 2964 1268 2991 ‘
1290 2963 1537 3013 Possessa

466 3037 582 3101 ipso
620 3037 845 3086 transitu
881 3036 1197 3087 Vincentia!
1257 3040 1331 3088 Et
1356 3040 1535 3090 Meva-

463 3114 604 3164 niam
624 3113 736 3178 jam
769 3114 1030 3164 exercitus
1064 3114 1359 3165 insederat:
1397 3116 1536 3181 quod

465 3192 647 3255 paullo
670 3191 905 3256 superius
924 3193 1170 3245 narravit.
1219 3194 1519 3245 Acidalia&

537 3268 746 3331 Ereptum
762 3266 971 3331 Samnis]
1005 3268 1066 3317 In
1091 3269 1391 3320 Florentino
1412 3285 1536 3321 erec-

462 3349 577 3395 tus.-
609 3344 843 3395 *sediilud
868 3345 1060 3409 placet,
1078 3353 1537 3411 ereptum,nempe

464 3421 703 3486 Vitellio,
723 3423 810 3489 qui
832 3423 1151 3487 possidebat.
1216 3423 1328 3474 Aut
1348 3426 1391 3473 si
1414 3440 1538 3475 eree-

463 3503 563 3563 tus,
581 3499 701 3563 capi
720 3498 847 3549 licet
866 3500 1045 3550 animis
1062 3507 1265 3552 erectos
1291 3503 1357 3552 ob
1375 3503 1539 3554 Vitel-

467 3575 526 3625 lii
544 3575 852 3638 discessum,
875 3582 930 3626 et
953 3577 1029 3625 sic
1058 3576 1332 3629 defecisse.
1398 3581 1536 3649 Lipa.

497 3677 502 3681 ·
534 3654 739 3702 Erectus
754 3652 962 3715 Samnis,
980 3654 1317 3719 Peligna-sque,
1331 3662 1379 3706 et
1401 3659 1538 3708 Mar-

457 3730 532 3791 si,
573 3729 894 3793 aemulatione]
945 3730 1204 3794 Reposui,
1235 3740 1430 3801 erectus,
1468 3752 1536 3788 ex

467 3807 610 3857 Flor.
666 3806 852 3871 procul
906 3806 1061 3856 dubio
1115 3809 1311 3859 rectius
1361 3827 1535 3877 quam,

465 3888 676 3947 ereptus,
698 3889 757 3932 ut
778 3883 831 3932 in
853 3884 1094 3949 vulgatis.
1160 3887 1281 3936 Non
1305 3888 1440 3939 enim
1464 3892 1545 3959 vi,-

419 4027 422 4032 .
466 3964 562 4012 sed
584 3967 771 4027 sponte
792 3962 846 4012 hi
869 3963 1047 4029 populi
1070 3964 1135 4014 ad
1156 3966 1537 4030 Vespasianum

463 4037 732 4103 defecere,
770 4040 1150 4104 Campanorum
1188 4043 1535 4095 aemulatione.

459 4115 700 4166 -ΡίοΙιειιει,
727 4136 732 4143 ·
758 4116 919 4179 Lego,
941 4118 1143 4167 Erectus
1164 4117 1354 4169 Samnis
1378 4122 1537 4184 Pelig-

465 4207 686 4256 nusquer
705 4197 755 4242 et
776 4193 955 4255 Marsi,
977 4195 1287 4258 «emulatione,
1306 4198 1387 4259 ξε.
1444 4198 1540 4248 Ait

463 4268 726 4318 Samnitas
779 4268 1128 4334 Pelignosque
1183 4280 1363 4323 erecto
1409 4289 1539 4338 erga

467 4342 867 4406 Uespasianum
901 4344 1076 4408 studio
1130 4343 1309 4400 fuisse.
1397 4350 1535 4404 Quae'

1586 3725 2037 3795 ‘glossographm

1166 398 1384 464 nb'rffl
1427 403 1837 463 ramosum
1883 411 1966 462 m

1604 558 1971 625 interpretatio
2018 555 2217 624 pendet
2255 571 2285 609 e
2325 556 2670 623 praecedenti·

1606 638 1703 687 bus
1725 635 1930 699 verbis:
1964 637 1982 665 ‘
2010 635 2087 685 ita
2117 636 2257 686 haud
2295 636 2505 686 dubium
2548 632 2671 700 erg-‘ft

1606 712 1878 764 Flavianas
1918 718 2097 778 partes
2136 702 2361 767 studium
2400 718 2507 762 tam
2529 714 2670 778 pavi-

1605 792 1701 841 dus
1717 791 1923 841 Vitellii
1943 790 2203 839 discessus
2224 788 2463 839 addidit!
2485 786 2673 839 Addat.

1660 868 1787 918 Nive
1797 883 1846 917 se
1858 865 2189 930 eluctantibus]
2206 864 2491 931 castigavi,
2501 876 2681 931 quem--

1606 945 1880 997 admodum
1920 952 2004 994 est
2041 945 2094 993 in
2134 944 2388 994 volumine
2420 943 2671 1006 Budensi,

1604 1025 1735 1074 nives
1755 1022 2080 1073 eluctantibus.
2148 1022 2232 1072 Sic
2270 1021 2321 1069 in
2359 1022 2472 1070 vit'a
2500 1021 2671 1084 Agric‘.

1604 1101 1622 1131 ⁴
1636 1100 1805 1164 Super
1822 1099 2066 1148 virtutem
2082 1098 2325 1160 hostium,
2340 1098 2674 1162 locorumque

1604 1176 1942 1227 difficultates
1964 1174 2262 1226 eluctatus?
2303 1174 2499 1224 Eodem
2524 1174 2672 1224 modo

1604 1256 1748 1305 Hist.
1786 1257 1819 1306 l.
1844 1269 1882 1305 ι.
1916 1255 1932 1285 ‘
1955 1253 2216 1305 Immensa
2252 1251 2465 1300 viarnm’
2489 1250 2674 1314 spatia',

1607 1346 1748 1397 aegre
1771 1332 1868 1383 sub
1890 1331 2043 1380 armis
2067 1327 2425 1379 eniterentur.²
2485 1328 2558 1377 Et
2577 1328 2673 1376 hoc

1604 1410 1720 1460 loco
1759 1414 1910 1474 post:
1943 1410 1960 1436 ‘
1982 1406 2257 1457 custodias
2288 1404 2496 1455 Vitellii
2536 1405 2674 1469 elap-

1607 1486 1729 1537 sus!
1761 1485 1900 1537 Anu.
1920 1485 2005 1534 lib.
2029 1497 2105 1534 iv.
2137 1483 2154 1512 ‘
2180 1483 2407 1548 Ejusque
2448 1484 2672 1531 statuam

1605 1565 1714 1615 vim
1730 1564 1924 1629 ignium
1949 1562 2029 1612 bis
2052 1559 2333 1625 elapsam.'·
2378 1559 2685 1608 Ramnes.-

1678 1641 1872 1691 Notitia
1904 1637 2129 1702 locvm]
2158 1636 2224 1687 In
2248 1636 2508 1686 volumine
2538 1635 2674 1686 Bud.

1605 1719 1819 1784 legitur,
1863 1723 2002 1769 noctu
2039 1717 2259 1765 locorum,
2327 1714 2504 1775 Forte,
2545 1716 2673 1776 notu,

1607 1810 1705 1862 pro
1728 1797 1938 1846 notione
1961 1808 2052 1844 seu
2076 1793 2281 1843 notitia.
2352 1791 2624 1840 Rhenanus.

1674 1874 1807 1924 Car.
1851 1877 1934 1922 60.
1988 1871 2231 1933 Signaque
2274 1867 2509 1929 leg-mnam
2552 1880 2672 1914 asse-

1609 1949 1883 2016 quer-meur]
1928 1947 2182 1998 Absolute
2220 1949 2438 2049 usurpat
2475 1956 2671 2006 assequar.

1609 2028 1953 2167 Ῑάἰπηιιὸιςιιειε,
1994 2102 2037 2150 ει·
2069 2044 2418 2158 deliberarent,
2452 2112 2602 2160 aeres,
2614 2098 2674 2152 εἰ

1605 2180 1950 2247 desperassent]
1981 2178 2301 2242 Desperatio
2341 2176 2479 2225 enim
2517 2182 2671 2225 teme·

1608 2259 1818 2309 ritatem
1858 2257 2015 2322 parit,
2051 2263 2107 2306 et
2146 2270 2211 2304 ex
2243 2269 2305 2304 ea
2326 2252 2465 2302 vires
2486 2264 2674 2316 angen·

1608 2341 1713 2386 tur.
1732 2335 1933 2385 ·Livius
1955 2335 1989 2383 1.
2016 2347 2070 2382 x.
2088 2335 2120 2365 ·‘
2145 2331 2283 2397 quod
2306 2330 2391 2379 vix
2417 2331 2673 2379 Romanus

1609 2416 1800 2465 totiens
1824 2414 1988 2463 victor
2024 2410 2259 2470 auderet,
2283 2407 2396 2457 ausi
2414 2407 2673 2457 Samnite}

1607 2488 1725 2545 sunt
1744 2494 1967 2559 (tantum
1991 2489 2286 2554 desperatio
2307 2487 2494 2537 uitima
2514 2492 2670 2536 teme·

1605 2573 1778 2622 ritatis
1815 2567 1971 2634 facit)
2004 2573 2177 2616 castra
2210 2567 2442 2615 Romana
2480 2567 2673 2627 oppug-

1606 2649 1768 2700 nare.’
1817 2648 1929 2698 Lib.
1954 2658 2127 2695 xum.
2159 2644 2412 2692 ‘coactus
2436 2655 2563 2705 ergo
2585 2651 2674 2703 pe·-

1604 2727 1774 2778 riculo
1794 2724 2025 2774 militum
2037 2721 2264 2782 Praetor,
2293 2718 2535 2781 receptui
2558 2717 2675 2766 cani

1599 2803 1775 2869 jussit,
1797 2816 1864 2851 ne
1878 2799 2140 2873 objiceret
2163 2797 2398 2845 incautos
2436 2792 2675 2843 furienti-

1607 2883 1703 2932 bus
1727 2877 2091 2943 desperatione
2115 2889 2174 2924 ac
2197 2873 2372 2922 rabie?
2400 2873 2523 2921 mae.
2544 2869 2676 2920 infra

1607 2960 1794 3011 l.1v.‘
1820 2956 1965 3006 Vicit
2004 2952 2139 3003 ratio
2180 2949 2451 3014 parcendi,
2474 2962 2541 2998 ne
2563 2947 2675 2997 sub-

1607 3039 1718 3087 lata
1757 3049 1850 3100 spe
1873 3032 2059 3092 veniae,
2094 3027 2385 3094 pertinacia
2424 3023 2677 3077 accende-

1609 3119 1806 3164 rentur.
1809 3110 1824 3134 ’
1860 3110 2088 3159 Pitheua.
2154 3102 2676 3167 Malim-deliberant,

1608 3192 1856 3253 itemque,
1879 3187 2179 3249 desperasset.
2243 3179 2453 3230 Acidal.
2542 3206 2548 3212 -
2654 3196 2667 3209 ν
2707 3204 2713 3213 ·

1642 3267 1884 3317 Ratione
1915 3261 2106 3328 perfici]
2148 3257 2384 3322 vulgati,
2411 3254 2675 3321 proficisci,-

1612 3342 1813 3407 scripti,
1845 3339 2043 3406 profici.-
2091 3351 2158 3385 ex
2191 3348 2292 3403 quo
2328 3334 2481 3384 nobis
2509 3330 2675 3399 perfici

1608 3423 1772 3471 visum
1792 3418 1985 3469 facere.
2050 3414 2256 3478 Lipsius.

1676 3499 1812 3549 CA».
1851 3500 1933 3546 61.
1973 3494 2181 3544 Tradere
2210 3492 2384 3540 donam
2417 3436 2675 3549 victorisst

1607 3575 1741 3625 sibi
1723 3590 1774 3623 m
1785 3577 2023 3637 posterum
2037 3568 2251 3631 gratiam
2268 3565 2545 3627 certabant}
2559 3565 2676 3614 Sus·

1610 3657 1768 3717 pecta
1790 3647 1914 3698 mihi
1937 3661 2057 3696 vox
2090 3651 2347 3704 extrema,
2375 3648 2621 3706 tanquam
2644 3653 2677 3688 a

2024 3722 2348 3783 Compar-et
2382 3717 2593 3782 quidem
2623 3715 2676 3765 in

1611 3807 1896 3858 editionum
1922 3803 2104 3868 prima,
2124 3798 2215 3849 sed
2249 3804 2303 3847 et
2328 3797 2510 3847 eadem
2546 3806 2675 3859 prae·

1608 3885 1732 3949 fert,
1752 3883 2013 3943 tradidere,
2030 3877 2166 3945 quod
2185 3877 2500 3927 verissimum
2525 3874 2677 3938 puto·
2661 3909 2677 3934 ,

1610 3961 1889 4012 dummodo
1907 3959 1982 4008 sic
2000 3968 2156 4021 porro
2175 3953 2557 4014 distinguatur3
2574 3954 2676 3998 tra-

1606 4041 1809 4099 didere,
1799 4057 1813 4071 ·
1841 4039 2026 4087 donum
2050 4030 2243 4093 victori,
2262 4035 2311 4079 et
2328 4029 2420 4078 sibi
2441 4029 2494 4076 ιἰι
2525 4031 2679 4090 poste·

1610 4133 1716 4168 rum
1733 4115 1964 4177 gratiam.
2001 4112 2101 4160 Per
2120 4120 2210 4172 eos,
2228 4110 2313 4171 ξε.-
2342 4102 2680 4155 Constructio

1613 4194 1824 4260 quidem
1857 4203 1962 4240 non
1985 4187 2193 4236 videtur
2229 4181 2550 4247 procedere:
2586 4178 2679 4228 sed

1613 4269 1797 4320 eadem
1835 4267 1886 4317 ei
1926 4262 2240 4320 difficultas;
2289 4264 2541 4309 manente
2574 4255 2680 4316 illo,

1612 4346 1877 4399 «tutabant
1939 4341 2219 4394 Siminina
2239 4340 2416 4389 autem
2432 4333 2687 4405 periodus
