3009 4942
931 443 1075 492 mn.
1121 443 1171 494 1.
1218 443 1384 495 cn.
1427 429 1495 496 8.
1543 447 1988 500 Aut-tamnu.

354 586 570 638 {monis
605 587 963 643 Seleueiemes
997 588 1246 643 induere!
1311 592 1426 642 Lib.

358 674 453 712 xv.
509 668 526 694 ‘
551 665 670 729 quia
709 666 934 729 speciem
973 668 1164 732 judicii
1207 668 1425 719 induere

358 752 461 790 non
517 750 749 806 poterat,
792 744 858 793 ad
905 745 1007 794 vim
1062 745 1422 796 dominationis

354 819 669 870 conversus?
738 822 1019 874 Gronovius.

428 896 599 946 Vultus
631 897 683 947 in
715 899 891 949 crimen
910 902 1189 964 detorquens
1206 903 1423 951 reconde-

354 972 460 1036 bat]
495 975 670 1024 Nutus
691 977 830 1039 ipsos
852 991 1048 1041 eorum,
1067 980 1155 1042 qui
1180 978 1426 1028 videban-

353 1054 439 1099 tur
463 1063 565 1099 non
589 1066 730 1115 aegre
752 1053 926 1115 laturi,
953 1054 996 1102 si
1017 1054 1130 1116 ipse
1155 1055 1422 1119 imperium

350 1125 652 1190 deponeret.
719 1123 1036 1194 Reoondebul,
1070 1131 1332 1181 scribebat
1368 1134 1422 1183 in

348 1203 543 1268 animo,
587 1213 645 1254 ut
700 1221 791 1255 suo
847 1213 1083 1271 tempore
1138 1217 1422 1273 promeret,

346 1282 491 1346 quod
515 1289 571 1333 et
591 1281 739 1333 fecit.
808 1286 1043 1334 Muretus.
1320 1348 1325 1353 ¹

411 1360 551 1410 CAP.
564 1365 612 1410 8.
632 1362 745 1410 Nisi
765 1363 824 1411 de
842 1363 1074 1425 supremis
1094 1364 1323 1427 Augusti]
1348 1364 1424 1413 Ut

346 1436 658 1486 ostenderet
673 1453 783 1486 eam
797 1439 893 1487 sibi
907 1454 1057 1488 unam
1068 1441 1120 1488 in
1138 1440 1422 1491 animohae·

344 1526 464 1563 rere
485 1515 990 1577 cogitationem,a1ia
1003 1530 1058 1565 se
1079 1517 1251 1566 omnia
1273 1518 1423 1566 hono-

340 1590 487 1641 ribus
500 1593 735 1655 parentis
748 1593 1073 1656 posthabere.
1092 1594 1323 1657 Suprema
1334 1609 1421 1643 vo·

340 1674 436 1717 cat
449 1676 834 1732 testamentum,
849 1678 905 1721 nt
918 1672 1201 1736 saepissime
1212 1673 1263 1721 iu
1274 1672 1420 1722 libris

340 1743 487 1794 Juris
523 1746 711 1795 civilis.
779 1746 944 1796 Plena
980 1748 1176 1798 locutio
1213 1757 1313 1812 est,
1346 1762 1421 1797 su·

336 1822 723 1886 premajndieia,
739 1839 833 1888 pro
853 1840 953 1890 quo
971 1826 1128 1875 etiam
1149 1841 1417 1890 supremus

334 1899 632 1949 muntem
650 1907 704 1949 et
725 1916 964 1964 supremas
984 1902 1170 1952 tabulas
1193 1902 1392 1953 dicunt.

416 1976 643 2038 Virgines
668 1978 845 2041 Vestae]
888 1978 918 2007 ⁴*
950 1979 1074 2028 Dixi
1095 1986 1149 2030 et
1172 1979 1415 2044 pecunias

338 2051 394 2101 in
430 2053 641 2116 templis
675 2054 866 2117 deponi
901 2055 1100 2115 solere3
1154 2056 1293 2120 quod
1324 2069 1415 2105 ve-

338 2140 455 2178 rum
480 2129 630 2193 adeo,
652 2137 712 2179 ut
750 2131 955 2195 quidam
979 2147 1155 2182 omnes
1178 2132 1413 2183 fortunas

336 2205 395 2256 in
420 2206 482 2255 iis
504 2206 776 2269 baberent,
799 2210 941 2273 quasi
975 2209 1218 2259 custodia
1252 2215 1414 2260 certa.

337 2282 677 2332 Herodianus
708 2283 800 2333 lib.
826 2298 865 2334 1.
902 2285 970 2334 de
1006 2287 1202 2349 templo
1238 2286 1413 2350 Pacis,

332 2359 479 2423 quod
503 2366 744 2409 exustum
769 2352 865 2409 s'ub
890 2354 1204 2412 Commodo:
1261 2369 1416 2412 mov·

335 2435 577 2485 σιῶτατον
614 2435 667 2486 δὲ
702 2435 763 2495 ἦν
790 2435 981 2487 πάντων
1013 2440 1160 2503 ἱερῶν,
1183 2440 1239 2489 δι’
1262 2439 1416 2504 ἀσφά-

335 2521 493 2563 λειαν·
528 2512 734 2564 ἕκαστος
753 2513 804 2563 δὲ
826 2514 1026 2578 dclxv,
1047 2518 1200 2567 ἐκεῖσε
1222 2519 1412 2578 ἐθησαυ-

334 2589 517 2654 ρίζετο.
598 2592 759 2641 Ἀλλὰ
797 2592 855 2642 τὸ
896 2596 989 2658 πῦρ
1028 2596 1083 2644 ἐκ
1129 2598 1217 2655 τῆς
1252 2596 1418 2646 νυκτὸς

332 2669 551 2721 πολλοὺς
590 2671 646 2720 ἐκ
682 2671 923 2723 πλουσίων
940 2672 1147 2732 πένητας
1182 2674 1415 2734 ἐποίησεν·

337 2748 457 2798 Nec
478 2749 688 2810 mirum,
712 2751 832 2814 quia
868 2751 1032 2817 milite
1067 2752 1181 2801 haec
1223 2755 1414 2816 templa

337 2824 790 2875 custodiebantur.
854 2828 1205 2877 Tertullianus
1228 2828 1294 2879 de
1315 2831 1413 2880 Co-

337 2915 484 2963 rona,
506 2902 597 2951 ubi
618 2917 725 2952 non
747 2904 859 2953 vult
897 2905 1244 2954 Christianum
1283 2907 1413 2955 mili-

337 2982 446 3027 tem
467 2978 664 3027 scribi:
714 2980 729 3005 ‘
754 2980 825 3027 Et
847 2980 1132 3030 excubabit
1163 2995 1258 3043 pro
1282 2988 1412 3031 tem-

336 3055 453 3118 plis,
476 3055 665 3119 quibus
690 3057 1054 3108 renunciabit?
1099 3065 1156 3108 et
1186 3060 1412 3109 coenabit

336 3129 462 3193 illic,
506 3132 595 3180 ubi
642 3132 900 3195 Apostolo
943 3148 1047 3184 non
1093 3136 1317 3198 placet?·
1354 3142 1410 3186 et

337 3220 465 3271 quos
491 3206 721 3256 interdiu
745 3209 1043 3259 exorcismis
1060 3209 1276 3274 fugavit,
1290 3226 1410 3261 noc-

336 3282 474 3333 tibus
499 3284 815 3347 defensabit,
838 3286 1137 3336 incumbens
1160 3296 1216 3337 et
1238 3289 1409 3351 requi-

337 3374 517 3410 escens
555 3376 714 3424 super
752 3362 957 3424 hincho,
980 3378 1083 3427 quo
1123 3362 1407 3427 perfossum

336 3442 419 3487 est
442 3438 576 3487 latus
592 3437 789 3487 Christi
802 3440 836 3487 ?’
869 3440 938 3487 Et
958 3439 1009 3487 in
1028 3434 1373 3503 Apologetico
1391 3458 1404 3489 z

336 3515 353 3542 ‘
376 3513 536 3564 AEdes
561 3529 682 3563 suas
706 3515 798 3562 Dii
833 3522 1104 3563 tuerentur
1142 3521 1196 3564 et
1237 3516 1410 3579 imagi-

336 3604 459 3640 nes:
509 3605 647 3654 quae‚
670 3599 729 3637 ut
753 3591 956 3651 opinor,
991 3590 1254 3639 Caesarum
1278 3592 1407 3640 mili-

338 3674 421 3717 tes
460 3667 690 3717 excubiis
728 3668 870 3715 salva
908 3668 1191 3729 prestant!
1278 3669 1406 3718 Ideo

333 3743 604 3796 Juvenalis
627 3744 845 3792 Castora
866 3744 1076 3807 vigilem
1101 3745 1230 3793 dixit
1252 3761 1264 3792 τ
1312 3745 1327 3772 ‘
1352 3752 1407 3793 et

337 3823 403 3872 ad
425 3822 638 3885 vigilem
677 3821 901 3884 ponendi
924 3823 1140 3873 Castora
1175 3821 1404 3871 nummi.’

401 3972 644 4022 merium
686 3978 735 4020 et
778 3972 989 4035 Liviam]
1057 3974 1197 4022 Num
1242 3973 1404 4038 aequis

336 4049 601 4114 pertibus?
631 4064 719 4098 eas
738 4049 872 4097 enim
890 4050 1188 4112 accipimus,
1205 4051 1404 4114 quoties

336 4127 465 4176 nibil
520 4133 745 4175 testator
798 4126 1088 4187 expressit?
1171 4127 1402 4176 Minime.

336 4201 630 4252 Didicimus
652 4202 791 4251 euim
828 4217 859 4250 e
896 4203 1141 4253 Suetonio
1167 4219 1231 4255 ex
1255 4204 1403 4253 besse

336 4276 634 4328 institutum
668 4277 950 4342 Tiberium,
982 4293 1049 4328 ex
1087 4279 1280 4330 triente
1316 4281 1404 4330 Iai-

339 4352 511 4407 νὴ..
553 4353 739 4422 Atque
757 4353 908 4421 hujiu
926 4354 1089 4421 ipsius
1105 4356 1184 4406 rel
1199 4356 1403 4410 veniant

2392 433 2568 513 am
2628 530 2636 536 ,

1498 608 1532 643 a
1552 593 1747 643 Senatu
1771 595 2020 659 perierat,
2054 594 2195 660 qnod
2229 594 2474 647 adversus
2494 597 2568 648 le-

1500 684 1616 728 nem
1665 671 1948 721 Voconiam
1990 669 2221 721 facturus
2265 677 2420 733 esset,
2464 688 2568 738 que

1501 760 1602 794 non
1643 746 1836 795 licebat
1874 747 2064 796 homini
2104 762 2257 796 censo
2294 748 2568 800 instituere

1500 823 1767 870 mulierem
1803 822 1941 871 ultra
1978 822 2337 886 quadrantem.
2404 825 2572 875 Mure.

1497 904 1593 947 tus.
1675 898 1758 947 De
1800 899 1897 948 hoc
1930 899 2102 962 capite
2145 899 2275 962 legis
2315 901 2562 951 Voconia

1498 977 1638 1041 vide,
1661 978 1703 1026 si
1726 978 1872 1041 libet,
1907 977 1972 1028 de
2015 980 2232 1042 pecnnia
2262 985 2441 1029 vetere
2479 993 2565 1035 ιιι.

1501 1057 1581 1103 16.
1653 1055 1936 1105 Gronovius.

1563 1131 1707 1179 Livia
1726 1132 1779 1180 in
1803 1131 2048 1191 familiam
2065 1134 2276 1196 Juliam]
2341 1133 2470 1183 Ideo
2509 1135 2564 1186 in

1496 1209 1718 1257 nummis
1740 1215 1797 1258 et
1815 1209 2073 1272 lapidibus
2089 1210 2276 1259 exhinc
2295 1208 2406 1260 fere
2422 1209 2567 1262 Julia

1494 1284 1695 1347 scripta
1719 1290 1810 1334 aut
1831 1285 2052 1348 sculpta,
2075 1298 2174 1333 non
2207 1285 2385 1335 Livia:
2423 1285 2564 1351 quod
2639 1276 2647 1286 ’

1496 1360 1622 1409 item
1659 1360 1715 1409 in
1745 1360 1901 1410 Notis
1938 1362 2004 1409 ad
2028 1362 2290 1410 Valerium
2326 1362 2565 1413 observa-

1495 1450 1624 1486 mus.
1687 1435 1794 1485 Sed
1828 1450 2012 1484 nomen
2047 1435 2294 1499 Augustoe
2329 1451 2397 1486 an
2419 1453 2566 1490 recev-

1493 1513 1607 1576 pit?
1660 1515 1835 1578 Negat
1868 1528 1992 1564 ecce
2029 1516 2324 1578 Suetonius,
2345 1516 2564 1568 Claudio

1495 1605 1544 1641 c.
1567 1594 1643 1641 ll.
1675 1592 1690 1616 ⁴
1716 1590 1865 1639 Aviae
1889 1591 2045 1641 Liviae
2084 1592 2282 1641 divinos
2310 1588 2561 1657 honores,

1494 1674 1553 1717 et
1575 1669 1810 1718 Circensi
1849 1683 2038 1732 pompa
2074 1683 2284 1719 currum
2320 1672 2566 1734 elephan·

1494 1750 1664 1795 torum
1703 1743 1986 1808 Angustaeo
2026 1746 2243 1795 similem
2269 1746 2566 1797 ,decernen-

1494 1822 1615 1872 dum
1639 1823 1856 1873 curavit.
1911 1822 2062 1871 Patri
2080 1823 2349 1872 Circenses
2370 1837 2565 1874 annuos

1491 1898 1653 1949 natali
1674 1899 1777 1961 die,
1803 1899 1956 1948 matri
1978 1906 2280 1962 carpentum
2306 1900 2443 1963 quod
2465 1914 2563 1963 per

1491 1977 1684 2027 circum
1723 1977 2020 2039 duceretur,
2056 1984 2111 2026 et
2151 1992 2430 2039 cognomen
2453 1977 2562 2028 Au·-

1491 2059 1677 2115 gustae,
1702 2052 1769 2102 ab
1792 2053 1909 2103 avia
1928 2053 2260 2102 recusatum!
2327 2053 2478 2104 Dicit
2493 2054 2562 2105 ab

1490 2129 1628 2180 Avia
1671 2130 1724 2179 id
1776 2137 2099 2180 recusatum:
2155 2145 2271 2196 quae
2316 2145 2417 2180 non
2459 2132 2563 2182 alia

1491 2221 1643 2272 quam
1693 2208 1840 2257 Livia
1879 2214 1977 2257 est.
2061 2207 2274 2257 Mirum.
2357 2207 2561 2259 Liviam

1490 2285 1628 2334 enim
1652 2283 1943 2348 Augustam
1980 2283 2185 2334 faciunt
2223 2285 2562 2350 scribuntqne

1491 2362 1579 2411 alii
1601 2376 1810 2411 omnes:
1863 2367 1920 2411 et
1940 2361 2115 2411 hercle
2147 2361 2188 2409 si
2228 2361 2561 2413 ambitionem

1491 2435 1698 2486 feminae
1724 2438 1862 2500 novi,
1883 2452 1983 2487 non
2005 2438 2278 2487 recusavit.
2345 2438 2560 2489 Tacitus

1489 2514 1584 2563 lib.
1609 2528 1684 2563 ιν.
1718 2516 1733 2541 ‘
1753 2515 2039 2562 Decretum
2062 2514 2299 2577 quotiens
2322 2512 2561 2577 Augusta

1494 2591 1752 2640 theatrum
1798 2589 2102 2638 introisset.'
2186 2588 2358 2639 Alibi=
2408 2590 2424 2617 ‘
2450 2589 2559 2640 Αιι.

1492 2680 1658 2733 gustae
1697 2670 1941 2719 valetudo
1980 2668 2162 2720 atrox!
2239 2669 2342 2719 Et:
2377 2670 2393 2698 ‘
2417 2668 2564 2721 Julie

1490 2745 1731 2810 Augusta
1767 2753 2004 2796 mortem
2060 2745 2226 2796 obiit!
2314 2746 2516 2796 Plinius
2537 2762 2558 2796 ι

1488 2825 1504 2852 ‘
1530 2824 1678 2873 Livia
1698 2823 1947 2885 Drusilla,
1966 2838 2082 2888 quoe
2109 2831 2290 2887 postea
2302 2822 2559 2887 Augustae

1488 2901 1801 2957 matrimonii
1845 2914 2030 2950 nomen
2077 2900 2320 2965 accepit!
2409 2900 2561 2951 Idem

1486 2977 1682 3041 lapides
1721 2979 1958 3028 sexcenti
1996 2983 2253 3028 testantur
2276 2983 2333 3029 et
2348 2979 2560 3035 nummi.

1487 3057 1628 3107 Quid
1653 3071 1777 3119 ergo
1795 3055 2046 3105 Suetonio
2069 3056 2230 3104 visum
2250 3055 2563 3106 dissentire?

1487 3135 1611 3184 Non
1635 3134 1734 3196 ipsi
1756 3133 2086 3198 quidem,sed
2107 3133 2316 3182 librario
2332 3133 2420 3198 qui
2443 3146 2560 3196 per-

1485 3211 1664 3259 vertit.
1717 3210 1906 3273 Liquet
1928 3210 2064 3257 enim
2088 3209 2236 3258 nobis
2255 3215 2559 3272 corruptum

1483 3288 1674 3346 locum,
1698 3285 2132 3349 scribendumque
2168 3285 2228 3334 ab
2245 3286 2355 3335 vim
2372 3300 2561 3336 recuse-

1483 3369 1585 3413 hnn
1600 3380 1617 3412 .·
1651 3364 1749 3424 vel,
1766 3362 1825 3410 ab
1844 3377 1900 3412 ea
1920 3363 2042 3411 vivo.
2111 3360 2196 3410 Ad
2215 3367 2434 3412 matrem
2450 3363 2561 3412 An·-

1484 3440 1680 3488 toniam
1702 3440 1814 3487 baec
1838 3437 2154 3500 referuntur,
2191 3451 2294 3486 non
2329 3438 2395 3488 ad
2429 3436 2558 3488 Avi.

1466 3506 1569 3565 *am
1589 3531 1603 3563 ε
1642 3514 1718 3563 uti
1740 3514 1898 3562 docet
1922 3513 2005 3561 vel
2021 3510 2277 3562 ἀκολουθία
2289 3512 2558 3565 sermonis.

1484 3592 1618 3642 Quae
1641 3591 1760 3639 viva
1778 3589 1973 3639 donata
1995 3588 2244 3653 Augustae
2286 3589 2489 3638 nomine
2523 3605 2558 3639 a

1484 3667 1716 3728 Caligula
1755 3663 1962 3731 (ταύτην
1979 3681 2036 3713 τε
2066 3664 2161 3729 ’γὰρ
2181 3664 2461 3726 aemon-rw
2482 3665 2557 3714 eo-

1483 3742 1563 3792 eos
1598 3742 1678 3791 καὶ
1714 3741 1883 3805 ἱέρειαν
1906 3743 1995 3790 τοῦ
2018 3740 2295 3803 Αὐγούστου
2329 3738 2558 3805 ἀπέδειξε,

1481 3820 1559 3869 ait
1581 3817 1711 3883 Dio)
1732 3818 1786 3868 id
1809 3816 2040 3881 sprevitx
2092 3828 2147 3868 et
2179 3825 2382 3869 mortua
2412 3831 2554 3868 nunc

1482 3910 1581 3958 per
1604 3895 1875 3945 Claudium
1900 3897 2117 3959 recepit.
2197 3897 2382 3956 ltaque
2403 3893 2457 3942 in
2479 3893 2561 3944 lat

1483 3971 1689 4035 pidibus
1735 3971 2007 4027 Claudiani
2060 3972 2155 4019 aevi
2178 3987 2190 4018 ι
2249 3970 2553 4021 ΑΝΤοΝιΑῐ.

1483 4047 1625 4097 Auo.
1683 4049 1885 4097 Dnusi.
1952 4048 2207 4109 sculptum
2277 4046 2551 4111 hodieque.

1487 4126 1603 4174 Hoc
1627 4140 1799 4174 verum
1821 4142 1835 4173 ι
1871 4132 1924 4172 at
1951 4126 2268 4185 interpretes
2289 4122 2342 4171 in
2363 4123 2554 4172 Sueto-⁶

1480 4203 1632 4253 niano
1653 4204 1769 4252 loco
1793 4216 1947 4265 quam
1972 4202 2191 4249 natant?
2224 4199 2312 4264 qui
2335 4199 2461 4249 licet
2480 4197 2554 4248 ad

1480 4287 1691 4343 portum
1711 4292 1767 4327 se
1791 4276 2062 4340 recipiant,
2084 4291 2169 4326 me
2192 4278 2343 4327 duco.
2367 4274 2550 4339 'Ilpa'

1548 4355 1810 4423 curiaque
1825 4356 1893 4406 aa
1905 4354 2141 4423 ρωιωι]
2199 4355 2323 4406 Non
2343 4357 2549 4410 tantum
