3009 4942
779 442 1131 495 msmxvi.
1173 441 1340 495 oar.
1383 426 1490 497 12.
1535 440 1974 500 annulum.

271 572 552 656 qnam(
576 588 1028 645 &difficultatem
1064 587 1336 656 afferebat,
1403 598 1536 641 rone
1568 588 1643 643 ιιι
1682 590 1833 656 ung.
1858 593 1975 644 Lat.
2000 592 2112 643 ιν.
2174 593 2292 645 eie.
2318 580 2480 660 ερία.

253 667 412 732 «qaod
434 667 779 733 apparitores,
800 667 1047 733 viatores,
1070 682 1336 733 accensos,
1399 668 1449 717 ἴε
1469 679 1514 717 1.
1549 665 1617 717 ad
1641 667 1709 720 Q.
1729 668 1873 720 Frat.
1939 668 2136 723 Verum
2174 671 2294 736 quia
2330 678 2387 727 et
2423 673 2481 724 id

249 740 499 810 dictores,
527 750 888 809 summotores,
916 745 993 796 ita
1028 745 1197 795 officio
1218 759 1339 796 con-

248 820 483 885 ·jnnetos
504 821 852 887 observarem,
874 828 932 873 ut
968 836 1083 888 quae
1118 823 1259 872 inter
1279 820 1339 872 il·

253 898 350 948 ’ios
403 896 707 949 differentia
757 904 902 950 esset
955 900 1339 965 constituenda,

249 975 598 1039 ignorarem.
632 976 774 1040 qnod
793 981 968 1026 tamen
987 978 1143 1041 longo
1165 976 1339 1028 studio

247 1057 325 1101 *et
345 1052 618 1117 diligenda
637 1066 723 1103 me
742 1053 1067 1103 adinvenisse
1083 1053 1340 1105 existimo.

249 1129 462 1196 'Itaque
516 1131 570 1180 hi
622 1144 797 1181 omnes
840 1131 1151 1197 Apparitom
1190 1131 1341 1196 dicti,

267 1209 413 1274 quod
458 1209 664 1260 seilicet
706 1209 1099 1274 Magistratibus
1137 1210 1339 1259 assiste·

245 1291 409 1349 ·rent,
429 1293 487 1336 et
518 1292 713 1350 praesto
736 1292 914 1336 essent
952 1285 1016 1335 ad
1059 1286 1341 1350 obsequen·

269 1361 416 1427 dum,
439 1364 557 1413 Liv.
584 1376 670 1414 ιιι.
689 1366 774 1413 49.
799 1369 866 1414 et·
889 1375 1015 1413 vm.
1037 1367 1130 1414 8&
1183 1362 1341 1415 Quod

247 1444 329 1488 pet
351 1439 674 1503 potissimum
697 1441 883 1506 passim
908 1446 1062 1505 patet
1081 1454 1148 1489 ex
1171 1439 1341 1490 Amin.

245 1516 604 1580 ·Hareellino‚
650 1526 706 1568 et
746 1533 813 1569 ex
855 1518 1165 1582 Justiniano,
1207 1517 1261 1566 in
1304 1517 1341 1569 l.

247 1600 441 1644 'xxxa
477 1595 508 1658 ξ
540 1601 590 1645 5.
630 1598 748 1646 Coa.
771 1598 830 1645 ds
851 1596 1073 1660 Episcop.
1093 1600 1143 1645 et
1166 1595 1340 1646 (ἵζει-ἐι.

245 1669 349 1720 *Hi
372 1683 582 1737 quoqne
600 1672 850 1722 nominati
872 1672 1154 1737 ministeria,
1187 1673 1223 1722 l.
1250 1686 1339 1723 ιιι.

265 1749 298 1812 §
343 1747 510 1798 mor.
547 1750 620 1800 D.
663 1752 723 1800 de
755 1755 954 1815 suspect.
993 1754 1143 1800 tutor.
1230 1748 1343 1805 Ali·

245 1827 483 1892 ‘quan‘do
505 1828 761 1892 apparitio,
799 1824 837 1877 1.
860 1826 1018 1891 finali,
1041 1825 1250 1891 §finam

241 1904 329 1956 wie
366 1906 586 1958 eviction.
648 1906 839 1957 Cicero
881 1911 1058 1955 tamen
1094 1905 1150 1954 in
1183 1905 1343 1967 epist.

239 1991 252 2000 ·
269 1983 340 2033 ad
361 1982 660 2047 Thermum,
691 1982 1032 2048 apparitionem·
1053 1996 1150 2046 pro
1171 1980 1344 2032 officio

243 2062 592 2126 ‘apparitoris
629 2062 857 2125 aceepit.
920 2059 1110 2109 Vocati
1140 2073 1343 2124 quoque

267 2143 327 2196 et
368 2138 627 2189 interdum
666 2139 837 2205 qfficiu,
874 2138 912 2187 l.
935 2136 1180 2199 sslicitum,
1214 2137 1345 2200 §Ne

266 2216 451 2280 tenuis,
470 2217 543 2266 D.
582 2219 643 2266 de
679 2218 798 2283 offic.
832 2214 1028 2280 proesid.
1095 2215 1345 2267 Nonnun-

267 2306 432 2357 quam
454 2293 692 2358 offic-ides,
732 2290 946 2345 Rubrio.
985 2297 1042 2342 et
1073 2291 1111 2342 l.
1134 2305 1174 2341 1.
1213 2291 1344 2342 Cod.

265 2368 340 2419 de
390 2367 509 2418 filiis
548 2367 750 2419 official.
792 2375 849 2419 et
889 2370 1020 2432 Cap.
1059 2369 1254 2431 Nullas,

270 2452 465 2511 quaest.
488 2453 689 2512 quarta.
752 2444 1026 2496 Interdum
1055 2450 1345 2509 executores,

266 2522 306 2573 1.
326 2536 395 2572 ιι.
421 2524 537 2573 Cod.
560 2525 619 2572 de
639 2525 837 2587 εροτιιιῐ.
885 2521 1180 2588 Aliquando
1195 2523 1347 2588 missi,

265 2600 355 2651 uti
379 2613 497 2665 cap.
513 2605 562 2652 1.
585 2600 650 2650 de
670 2601 927 2651 immunit.
951 2600 1141 2650 eccles.
1180 2606 1237 2650 et
1271 2600 1347 2650 ibi

268 2674 451 2742 glossa
473 2676 525 2726 in
548 2678 767 2727 novella.
831 2674 994 2738 Τάξεις
1010 2678 1256 2740 recedi-tm,
1287 2677 1344 2726 id

237 2773 246 2780 ·
268 2749 386 2818 est,
402 2756 515 2804 ordo
538 2762 593 2804 et
614 2755 662 2803 in
691 2756 859 2818 glossa
879 2755 1068 2815 veteri,
1112 2751 1346 2818 ἀμφοδάρ·

267 2848 364 2894 χαι
398 2829 753 2896 ἂρχινπηρέται.
819 2831 882 2882 Ῑιι
909 2833 1091 2882 horum
1130 2847 1345 2882 numero

263 2908 423 2959 fixere
443 2910 648 2973 lictores,
670 2904 758 2974 q'ui
785 2909 1111 2974 apparebant
1131 2909 1211 2958 his
1235 2915 1347 2959 tau·

233 2991 388 3035 'tum
419 2982 827 3049 magistratibus,
859 2987 945 3052 qui
984 2987 1348 3037 auctoritatem

266 3054 529 3114 haherent
551 3079 651 3112 non
680 3065 845 3113 solum
867 3062 1088 3113 vocandi
1110 3069 1165 3113 et
1185 3064 1346 3127 ligan-

270 3142 349 3205 di,
375 3141 468 3191 sed
487 3149 544 3191 et
563 3156 767 3207 quoque
790 3140 1064 3205 puniendi3
1101 3140 1257 3206 bique
1281 3141 1347 3190 ab

272 3216 397 3269 aliis
421 3217 473 3268 in
495 3218 592 3267 hoe
614 3217 1092 3282 distinguebantur,
1110 3208 1247 3282 quod
1270 3230 1349 3265 se·

240 3312 244 3319 ·
272 3295 395 3346 euri
419 3303 473 3344 et
492 3295 654 3360 virgis
676 3295 987 3359 supplicium
1007 3294 1077 3342 de
1094 3292 1350 3343 damnatis

238 3372 575 3433 'sumebant,
605 3374 752 3439 jussu
788 3373 1203 3436 magistratuum,
1237 3371 1348 3435 qui·

271 3450 378 3501 bus
404 3449 747 3515 apparebant.
824 3450 911 3499 Ita
931 3446 1192 3501 Tribunos
1216 3447 1348 3495 Con·

273 3526 437 3576 sulari
471 3534 735 3597 potestate
765 3534 985 3590 creatos,
1020 3525 1230 3575 lictores
1265 3524 1351 3572 lia·

271 3600 456 3654 buisse
478 3609 684 3653 constat
710 3618 777 3652 ex
812 3602 960 3653 Livio
997 3603 1086 3654 lib.
1108 3612 1197 3652 ιιι.
1265 3602 1350 3652 Ita

271 3680 534 3730 Consules
558 3680 770 3744 ubique,
785 3681 863 3730 ita
892 3686 945 3730 et
977 3681 1348 3745 Imperatores.

265 3754 378 3807 Isti
407 3762 578 3805 autem
615 3757 806 3805 lictores
838 3764 893 3806 et
922 3757 1198 3821 aliquando
1228 3772 1351 3807 suni-

272 3839 484 3885 mores
503 3833 650 3897 dicti,
684 3848 749 3883 eo
771 3834 910 3898 quod
932 3848 1107 3883 eorum
1129 3833 1349 3884 officium

276 3918 441 3974 esset,
486 3911 691 3960 turbam
737 3918 792 3960 et
847 3912 972 3960 alios
997 3918 1350 3987 ‘quoscunque

277 3994 626 4037 summovere.
693 3987 806 4038 Liv,
831 4001 918 4037 111.
939 3991 1021 4036 45.
1046 3994 1100 4038 et
1120 3992 1203 4038 48.
1239 3994 1293 4036 et
1316 3987 1351 4037 l.

276 4076 406 4114 vm.
428 4067 510 4118 83.
549 4072 604 4113 et
640 4077 767 4115 ην.
800 4068 883 4115 29.
917 4079 1021 4129 quo
1043 4066 1096 4114 in
1118 4066 1232 4114 loco
1255 4078 1352 4128 pro

276 4145 579 4204 amatore,
634 4142 1025 4206 intelligendum
1098 4143 1353 4203 lictorem,

275 4232 388 4269 non
412 4218 750 4268 dubitandum
775 4221 855 4269 vel
882 4229 1098 4283 propter
1117 4219 1280 4269 verba
1316 4221 1353 4269 l.

278 4307 491 4346 xxvm.
513 4300 598 4345 27.
665 4299 889 4346 Accensis
922 4310 1107 4346 munus
1141 4296 1245 4344 fuit
1268 4311 1353 4345 vo-

280 4371 461 4435 candi,
485 4379 543 4422 et
578 4372 644 4423 ab
684 4373 935 4423 acciendo
962 4373 1111 4440 dieti,
1134 4387 1202 4422 ex
1224 4372 1354 4421 Var-

414 4453 595 4520 Delpli.
621 4458 671 4504 st
698 4454 817 4509 Var.
839 4455 975 4507 Clas.

1300 4452 1457 4505 neit.

1406 755 1594 795 munus
1612 744 1879 809 proprium
1902 751 2018 797 erat
2050 747 2276 811 Viatores,
2297 748 2349 799 in
2371 763 2480 816 ‘qno

1409 816 1686 872 differrent
1736 828 1794 873 et
1834 823 2299 890 distinguerentur,
2332 827 2480 883 inda·

1412 895 1655 962 gaudum.
1728 899 1938 951 Viator-is
1958 916 2140 952 munus
2161 904 2481 970 praecipuum

1407 972 1568 1026 fuisse
1588 975 1830 1044 vocandi,
1851 985 2056 1031 constat
2093 994 2161 1029 ex
2198 981 2487 1035 Columella

1411 1049 1467 1102 in
1489 1051 1643 1116 pref.
1678 1054 1716 1102 1.
1742 1066 1781 1105 ι.
1846 1054 1957 1106 Cic.
1978 1054 2044 1107 de
2072 1056 2283 1111 Seneet.
2322 1073 2373 1110 c.
2397 1064 2480 1113 16.

1393 1130 1487 1180 -Et
1524 1129 1686 1182 Festo
1722 1130 1777 1181 in
1820 1132 2053 1183 Viatores.
2116 1135 2193 1187 Et
2220 1136 2333 1188 Liv.
2356 1151 2483 1191 vm.

1416 1212 1499 1257 18.
1578 1207 1653 1259 Et
1696 1208 1834 1259 Pliu.
1875 1223 2043 1263 xvux.
2090 1215 2139 1262 8.
2222 1213 2303 1263 Ex
2327 1214 2484 1267 dictis

1413 1290 1583 1349 patet,
1621 1285 1778 1336 sicuti
1807 1286 2030 1352 Accessi,
2061 1287 2140 1339 ita
2174 1294 2231 1338 et
2274 1289 2486 1354 viatoris

1415 1377 1625 1428 quoque
1666 1363 1887 1413 vocandi
1928 1379 2112 1415 munus
2151 1365 2325 1419 fuisse.
2406 1368 2486 1423 At

1416 1440 1674 1505 quomodo
1694 1441 2047 1517 distinguendi
2068 1444 2190 1509 sint,
2212 1459 2315 1495 non
2340 1460 2486 1513 aeque

1414 1515 1766 1570 manifestum.
1844 1521 1961 1583 Ego
1981 1521 2315 1573 statuendum
2339 1532 2487 1589 puto,

1414 1593 1469 1645 in
1490 1595 1592 1645 boe
1621 1595 1839 1647 Viatores
1873 1597 1940 1646 ab
1974 1597 2200 1648 Accensis
2220 1598 2488 1667 distingui,

1418 1672 1555 1737 quod
1586 1672 1805 1724 Viatores
1839 1688 1942 1724 non
1975 1675 2129 1725 modo
2149 1676 2371 1727 vocandi
2395 1676 2486 1741 jas

1389 1745 1692 1816 ·baberent,
1742 1751 1835 1801 sed
1877 1757 1935 1802 et
1987 1751 2202 1818 ligandi.
2286 1754 2489 1805 ‚decenti

1271 1827 1342 1876 1).
1416 1838 1544 1876 vero
1577 1826 1805 1877 minime.
1867 1828 2065 1880 Verum
2102 1829 2224 1894 quia
2243 1829 2487 1894 Sigonius

1415 1902 1474 1952 id
1517 1910 1700 1967 aperte
1734 1911 1895 1969 negat
1932 1906 1998 1955 de
2030 1906 2153 1971 jure
2184 1906 2348 1972 antiq.
2386 1907 2488 1959 civ.

1418 1981 1571 2032 Rom.
1592 1990 1656 2031 ιι.
1680 1985 1761 2032 15.
1785 1982 1904 2033 ideo
1925 1976 2366 2047 comprobandum
2388 1991 2487 2037 eat.

1418 2060 1600 2110 Livius
1619 2074 1705 2130 m..
1727 2065 1777 2110 6.
1820 2067 1877 2111 et
1911 2074 1991 2111 vr.
2015 2065 2097 2113 16.
2132 2068 2190 2112 et
2228 2075 2308 2113 ix.
2328 2068 2408 2115 1⁰.
2430 2071 2488 2115 et

1418 2150 1495 2188 lv,
1532 2142 1615 2189 14.
1693 2137 1987 2203 Utrobique
2026 2138 2167 2188 enim
2200 2140 2490 2205 apparitoris

1418 2227 1569 2279 voce,
1588 2214 1834 2280 viatorem,
1855 2230 2161 2282 omnemque
2185 2217 2360 2281 alium,
2398 2219 2488 2284 qui

1417 2290 1614 2354 ligandi
1658 2291 1749 2356 jus
1802 2291 2039 2357 haberet,
2091 2293 2489 2358 intelligendum

1291 2373 1343 2418 4.
1417 2382 1523 2418 non
1542 2368 1744 2420 dubito.
1810 2370 1957 2420 Sicut
1980 2383 2066 2421 ιιι.
2090 2373 2171 2420 38.
2211 2369 2281 2420 de
2326 2371 2489 2421 Viato-

1417 2445 1551 2494 rilms
1604 2444 2051 2511 interpretandum
2098 2446 2335 2511 conjicio.
2413 2447 2490 2498 At

1421 2523 1609 2574 Cicero
1624 2538 1829 2575 omnem
1851 2537 2095 2587 scrupum
2131 2522 2310 2587 demit,
2333 2537 2490 2588 quum

1418 2600 1496 2650 ait
1530 2601 1586 2650 in
1620 2602 1919 2651 Vatinium:
1973 2602 1989 2630 ‘
2015 2600 2288 2650 Miser-isne
2321 2601 2491 2651 viato-

1418 2691 1550 2741 rem,
1571 2676 1662 2742 qui
1687 2677 1764 2728 M.
1790 2677 2034 2728 Bibulum
2056 2679 2106 2727 vi
2130 2676 2281 2728 domo
2315 2683 2492 2727 extra·

1416 2753 1618 2804 heret?
1682 2754 1869 2820 ltaque
1901 2770 2056 2820 quum
2098 2756 2310 2805 Viatores
2331 2754 2492 2807 facul·

1419 2836 1583 2880 tatem
1635 2830 1888 2881 haberent
1929 2831 2143 2896 ligandi,
2186 2832 2241 2883 in
2282 2830 2382 2883 boc
2423 2831 2500 2898 ab⁴

1417 2907 1644 2957 Accemis
1662 2908 2112 2975 distinguebantur
2133 2926 2149 2971 ς
2178 2908 2379 2963 Accessi
2400 2922 2493 2958 ve·

1421 2997 1481 3033 ro
1503 2999 1539 3032 a
1563 2983 1837 3035 Viatori’lms
1855 2986 1956 3036 alia
1977 2984 2273 3036 differentia
2296 2986 2493 3037 discer-

1420 3067 1649 3111 nuntur:
1686 3075 1906 3126 namque
1927 3060 2127 3113 Accessi
2150 3075 2332 3113 munus
2355 3067 2487 3126 erat,

1421 3137 1580 3186 etiam
1633 3137 1848 3188 meridie
1902 3137 2227 3189 conclamare
2278 3139 2494 3203 populo,

1421 3216 1561 3281 quod
1593 3216 1811 3266 Viatores
1830 3229 1933 3265 non
1951 3214 2233 3267 faciebant.
2315 3214 2383 3265 Id
2405 3229 2494 3267 au·

1421 3294 1530 3345 t'em
1569 3297 1776 3342 constat
1797 3306 1863 3341 ex
1885 3293 2117 3341 Varrone
2156 3292 2272 3343 loeo
2312 3292 2495 3343 citato.

1422 3370 1495 3419 Et
1525 3369 1663 3420 Plin.
1695 3382 1801 3419 vu.
1824 3371 1875 3417 6.
1905 3368 2123 3419 Viatores
2143 3376 2233 3418 aut
2258 3368 2494 3432 proprios

1421 3444 1582 3496 fuisse
1618 3445 1965 3495 Tribunorum
2002 3445 2075 3507 pl.
2114 3443 2268 3495 sicuti
2306 3445 2496 3495 lictores

1424 3523 1701 3573 Consulum
1745 3521 2065 3573 existimavit
2110 3521 2345 3586 plurimae
2388 3522 2496 3572 lec-

1425 3599 1580 3648 tionis
1624 3599 1722 3660 vir,
1772 3597 2007 3651 Andreas
2047 3599 2370 3664 Tiraquellus
2424 3597 2494 3647 ad

1422 3676 1798 3740 Alexandrum,
1830 3683 1999 3726 motus
2021 3678 2335 3726 auctoritate
2356 3675 2496 3727 Livii

1423 3766 1488 3804 11.
1506 3757 1588 3801 56.
1609 3767 1710 3817 qua
1731 3760 1905 3803 tamen
1941 3753 1996 3802 in
2031 3766 2089 3801 re
2129 3767 2247 3801 eum
2280 3749 2496 3800 halluci-

1424 3834 1606 3879 natum
1628 3843 1732 3878 non
1755 3828 1972 3878 dubito:
2023 3842 2243 3892 namque
2264 3841 2370 3876 non
2388 3841 2496 3875 mo·

1425 3905 1494 3955 do
1517 3904 1735 3954 Tribuni
1758 3906 1828 3968 pl.
1863 3904 1956 3954 sed
1975 3910 2031 3954 et
2054 3905 2142 3953 alii
2159 3904 2494 3967 magistratus

1424 3984 1632 4032 viatores
1652 3981 1903 4043 habuere,
1930 3979 2116 4045 quibus
2155 3977 2375 4029 vocandi
2402 3977 2492 4040 jus

1425 4058 1546 4109 fuit.
1634 4059 1720 4108 De
1763 4057 1957 4109 Senatu
1999 4063 2205 4107 constat
2248 4070 2314 4107 ex
2353 4055 2495 4104 Plin.

1427 4152 1590 4188 xvm.
1614 4142 1664 4186 8.
1699 4137 1781 4185 De
1798 4135 2092 4186 consulibus
2115 4134 2240 4183 nulli
2263 4132 2495 4187 dubium.

1425 4216 1513 4265 De
1542 4214 1791 4264 AEdilibus
1829 4219 1978 4276 patet
2012 4227 2077 4262 ex
2111 4211 2256 4263 Livio
2294 4210 2330 4261 1.
2354 4222 2496 4261 xxx.

1428 4293 1612 4343 Sci-iba
1648 4291 1952 4356 Victoresque
1991 4288 2231 4341 AEdilicii.
2313 4289 2494 4339 Romus

1428 4371 1485 4423 in
1504 4369 1731 4424 Basilica
1760 4367 1941 4422 Sancti
1965 4367 2120 4420 Petri
2152 4366 2209 4420 in
2238 4365 2498 4421 vaticano

2289 432 2479 503 *4113
2549 440 2571 457 ‘
