3009 4942
877 423 1026 471 mn.
1072 424 1121 475 1.
1168 424 1332 474 aar.
1377 405 1485 472 16.
1531 425 1971 479 ΑΝΝΑιιυΜ.

376 568 1381 637 cn.1s.A·ageuaau-}Maiehocad·

314 644 474 696 ditur.
505 634 601 695 Sic
619 648 655 696 l.
684 661 801 698 xlv.
823 652 915 699 ‘et
935 657 1083 701 natos
1107 653 1189 701 vel
1208 666 1380 716 reper-

308 722 424 775 tos?
460 724 547 772 Sic
567 724 702 785 apud
725 725 1125 790 Xenophontem
1153 742 1189 777 ι.
1215 730 1378 785 ’Arna

311 797 524 862 ἀλεύρων
546 800 576 858 ᾖ
598 801 827 862 ἀλφίτων,
853 819 968 853 cum
1002 806 1272 866 legendum
1311 806 1382 855 sit

311 882 517 926 tantum
553 877 781 939 ἀλφίτων.
823 881 933 935 ,Sic
970 882 1107 945 apud
1131 883 1382 932 Aristote-

310 951 414 1003 lem
440 953 529 1003 lib.
563 968 601 1001 1.
637 956 849 1012 Rhetor.
886 957 959 1006 ὅτι
995 956 1077 1007 οὖν
1104 958 1136 1016 ἢ
1157 959 1382 1020 ὁντινοῦν,

312 1041 435 1079 cum
457 1036 512 1077 et
537 1030 673 1091 apud
701 1032 1147 1083 Halicarnasseum
1176 1038 1380 1099 legatur

310 1110 523 1157 tantum
548 1106 623 1155 ὅτι
643 1105 740 1159 οὖν.
808 1109 965 1172 Apud
999 1112 1300 1161 Ciceronem
1326 1113 1381 1161 in

310 1179 565 1235 Aeadem.
601 1191 614 1212 ⁶
642 1193 695 1236 et
730 1188 872 1236 velut
896 1188 1012 1250 jam
1050 1196 1170 1236 ante
1200 1189 1380 1237 Socra·

313 1259 454 1322 tem}
493 1275 610 1311 cnm
636 1262 908 1325 legendnm
932 1265 1015 1325 sit,
1051 1269 1098 1313 et
1123 1265 1231 1324 jam
1270 1269 1383 1315 ants

311 1333 575 1386 Socratevu.
664 1338 836 1386 Multa
880 1339 1006 1388 talia
1062 1339 1284 1388 indicavi
1327 1339 1381 1386 in

311 1410 486 1460 Variis
542 1413 664 1463 lect.
712 1414 1383 1473 l.xv.c.16.Murettoe.

312 1486 448 1536 Rem
480 1488 558 1537 ita
596 1488 789 1539 habere
828 1497 972 1552 puto.
1039 1492 1127 1541 Ob
1162 1498 1385 1541 mortem

312 1540 830 1628 Principisjustitmm
848 1569 1007 1619 indici
1025 1571 1230 1619 solitum
1250 1578 1383 1619 erat.

314 1640 378 1693 C.
403 1641 582 1692 Caesar
617 1644 810 1694 indixit
841 1644 999 1693 etiam
1032 1646 1083 1693 iu
1116 1653 1283 1695 morte
1305 1660 1384 1695 so·

314 1717 464 1768 roris.
498 1719 719 1769 Seuton.
749 1734 797 1769 c.
819 1723 902 1769 24.
965 1720 1048 1769 Ibi
1073 1721 1232 1784 igitur
1254 1722 1385 1786 pub·

311 1794 431 1845 licae
449 1793 748 1845 functiones
773 1796 1251 1847 inter-mittebantur
1289 1812 1385 1860 per

316 1885 610 1922 moerorem.
650 1874 871 1939 ,Rursus
909 1872 976 1921 ob
1016 1887 1201 1922 novum
1237 1872 1391 1931 Prin<

318 1947 489 2011 cipem
521 1946 674 1998 feriae
700 1949 1100 1999 celebrabantur
1123 1955 1393 2013 tamquam·

318 2038 382 2081 ex
404 2025 619 2089 publica
641 2025 858 2086 laetitia:
894 2025 1029 2090 quod
1047 2025 1130 2074 hic
1151 2025 1393 2088 signatur,

318 2115 415 2164 per
437 2117 617 2152 vocem
636 2102 901 2163 gaudium5
933 2117 1086 2166 quam
1111 2102 1197 2166 qui
1214 2102 1388 2151 Blaeso

317 2179 730 2243 accommodant,
744 2188 804 2230 ut
824 2180 1103 2244 propriam,
1119 2178 1388 2229 falluntur.

319 2256 556 2323 Utraque
598 2258 712 2308 haec
749 2272 927 2322 causa,
963 2258 1067 2307 alia
1107 2259 1390 2309 succedens

318 2333 425 2395 alii,
467 2331 773 2399 effecit,.ut
814 2334 1010 2383 Blaesus
1050 2334 1390 2383 intermitteret

316 2409 462 2458 solita
479 2410 668 2460 mum'a:
702 2410 798 2459 hoc
821 2418 923 2472 est,
939 2410 1006 2459 ab
1030 2410 1266 2459 exercitu
1289 2425 1391 2471 non

319 2485 577 2549 exigeret,
616 2485 708 2535 sed
731 2485 885 2535 ferias
907 2486 955 2535 ei
986 2486 1249 2551 otiumque
1273 2501 1391 2535 con-

319 2561 553 2617 cederet.
623 2563 689 2612 In
707 2562 785 2612 his
804 2563 1041 2613 omnibus
1063 2578 1210 2612 nemo
1232 2563 1390 2612 inter-

318 2645 532 2704 pretum
548 2640 702 2702 plane
718 2655 917 2693 mecum
934 2640 1121 2689 sentit:
1150 2639 1242 2688 sed
1260 2639 1390 2688 alius

322 2718 423 2781 alio
446 2717 665 2769 divertit
696 2718 916 2780 longius.
984 2720 1123 2767 Nam
1157 2718 1390 2781 plerique

323 2793 551 2843 Blaesnm
592 2795 844 2845 socordias
879 2803 934 2843 et
964 2794 1297 2857 negligentiae
1338 2794 1392 2841 in

323 2884 417 2920 sna
435 2869 705 2922 functione
723 2871 1137 2923 administranda
1150 2877 1391 2934 arguunt.

326 2947 697 2998 Freinshemius.

391 3025 518 3073 Dux
570 3026 683 3074 olim
751 3025 1058 3075 theatralium
1123 3023 1394 3088 operarum]

328 3103 359 3132 *
374 3104 550 3154 Plinio
574 3106 731 3155 etiam
751 3120 926 3169 operte
949 3105 1001 3153 in
1025 3105 1181 3155 Circo
1202 3120 1218 3165 3
1253 3103 1346 3153 sed
1364 3118 1396 3152 a

327 3191 410 3230 me
447 3189 718 3235 correcto:
765 3183 800 3232 l.
823 3195 948 3231 vm.
983 3196 1032 3230 c.
1054 3185 1103 3231 6.
1137 3181 1153 3208 ‘
1176 3181 1235 3229 L.
1273 3180 1396 3229 Piso

325 3256 568 3308 inductos
591 3257 861 3307 dumtaxat
880 3256 1227 3323 [Elephantos
1247 3258 1396 3306 intel·

326 3333 478 3398 legit]
499 3332 557 3381 in
570 3332 798 3394 Circum,
814 3338 972 3397 atque
991 3341 1049 3383 ut
1063 3339 1397 3396 contemptus

328 3423 505 3458 eorum
519 3410 858 3470 incresceret,
870 3409 938 3458 ab
954 3410 1204 3474 operariis
1225 3409 1399 3461 hastas

329 3486 633 3550 praepilatas
652 3485 965 3536 habentibus
988 3500 1082 3547 per
1105 3485 1300 3533 circum
1324 3489 1399 3533 to·

330 3569 440 3625 tum
462 3570 610 3611 actos
627 3561 657 3623 ;’
692 3562 801 3623 uhi,
816 3561 873 3609 ab
895 3563 1051 3625 aperis
1068 3560 1411 3625 scribendum«

331 3656 446 3691 esse
471 3640 736 3701 confirmo.
771 3640 978 3703 Lipsius.

396 3718 720 3769 Theatralium
749 3715 1021 3780 operarum]
1068 3718 1280 3777 Eorum,
1312 3714 1402 3778 qui

332 3805 548 3856 operam
591 3806 733 3840 suam
785 3791 1026 3841 locabant
1082 3790 1147 3839 ad
1201 3789 1402 3841 fabulas

333 3869 582 3934 agendas.
618 3869 858 3918 Muretus.
905 3867 1074 3917 Video
1094 3867 1217 3932 quid
1239 3867 1403 3916 virum

332 3961 577 4008 magnum
601 3945 883 4009 deceperit.
950 3945 1033 3993 Sic
1064 3944 1200 3993 enim
1225 3945 1404 3997 Sueto·

335 4023 450 4072 nius
489 4021 629 4084 Aug.
653 4026 735 4071 43.
771 4027 784 4049 ‘
807 4020 893 4072 Ad
931 4020 1159 4069 scenicas
1199 4034 1405 4085 quoque

336 4105 392 4150 et
408 4098 748 4165 gladiatorias
767 4112 949 4159 operas
969 4098 1127 4147 etiam
1146 4096 1406 4160 equitibus

336 4176 584 4230 Romanis
628 4175 903 4238 aliquando
958 4190 1076 4225 usus
1135 4172 1248 4224 est.’
1336 4174 1407 4225 Et

335 4268 452 4317 cap.
477 4258 561 4302 45.
591 4254 608 4281 ⁴
634 4253 945 4301 Universum
980 4251 1203 4317 denique
1244 4264 1407 4312 genus

338 4344 526 4398 operas
584 4328 784 4395 aliquas
838 4327 1052 4394 publico
1105 4327 1405 4395 spectaculo

2346 414 2521 482 3791

1458 575 1798 638 praebentium
1823 579 1980 627 etiam
2014 593 2142 629 cura
2162 593 2255 629 sua
2280 578 2524 643 dignatus

1455 653 1569 701 est!
1636 654 1843 703 Nerone
1867 670 1911 705 c.
1942 660 2018 705 12.
2051 660 2067 685 ⁴
2093 657 2220 706 item
2244 657 2523 720 Pyrr-iehan

1458 731 1700 790 quasdam
1741 746 1769 779 e
1800 745 2013 780 numero
2047 734 2386 795 epheborum,
2419 733 2530 798 qni·

1457 806 1553 855 bus
1595 815 1713 869 post
1755 808 1948 856 editam
1989 824 2196 871 operam
2237 809 2526 870 diplomata

1455 881 1686 931 civitatis
1702 882 1953 933 Romanae
1973 885 2188 947 singulis
2208 884 2388 932 dedit!
2423 885 2530 935 Ita*

1456 972 1556 1021 que
1578 958 1855 1008 Salinerins
1891 975 2093 1024 quoqne
2120 961 2294 1023 Lipsio
2329 974 2527 1010 cornua

1456 1033 1754 1094 obvertens,
1773 1036 1935 1084 ducem
1954 1035 2254 1084 theatralium
2278 1049 2528 1097 operarum

1457 1105 1606 1169 facit,
1645 1110 1729 1172 qui
1775 1110 1908 1169 regit
1940 1125 2145 1171 gregem
2183 1111 2526 1175 histrionum:

1457 1184 1622 1246 qualis
1669 1186 1753 1248 qui
1799 1186 1850 1234 in
1895 1188 2130 1236 Terentii
2194 1188 2415 1251 Hecyrae
2470 1195 2531 1240 et

1458 1260 2035 1315 Heautontimorumeni
2086 1263 2310 1325 Prologo
2366 1263 2531 1328 loqui·

1457 1343 1564 1395 tur,
1606 1351 1722 1385 eum
1760 1353 1958 1386 sumere
1999 1339 2097 1387 sibi
2136 1354 2332 1402 suoque
2373 1340 2523 1403 gregi

1458 1413 1735 1463 comoedias
1772 1415 2083 1472 recitandas,
2118 1430 2241 1479 quas
2269 1402 2365 1464 'alii
2391 1431 2528 1466 com·

1457 1498 1770 1553 posuerunt:
1839 1499 1896 1541 et
1959 1492 2273 1540 addiscendo
2345 1495 2531 1556 multa,

1458 1568 1623 1616 multa
1644 1568 1910 1617 recitando
1933 1582 2032 1616 non
2057 1568 2294 1630 ineptum
2325 1569 2391 1617 ad
2415 1577 2531 1618 tnr-

1459 1644 1551 1693 bas
1567 1644 1881 1695 conciendas
1908 1645 2148 1694 evadere.
2215 1644 2290 1693 At
2322 1659 2425 1694 non
2462 1646 2531 1696 de

1459 1720 1534 1768 his
1555 1720 1785 1782 Tacitus,
1823 1721 1906 1770 cui
1942 1736 2096 1784 operoe
2128 1721 2384 1770 theatrales
2407 1728 2531 1773 sunt

1460 1795 1513 1843 in
1531 1797 1933 1860 spectatoribus,
1963 1799 2054 1862 qui
2082 1799 2403 1861 plaudebant
2426 1800 2535 1862 ipsi·

1462 1874 1635 1937 primi,
1673 1883 1729 1925 et
1764 1875 1993 1926 fautores
2031 1879 2398 1941 plausoresque
2426 1878 2527 1926 his·

1463 1951 1715 2001 trionibus
1770 1954 2161 2017 comparabant.
2248 1955 2322 2004 Hi
2390 1962 2533 2017 sunt,

1464 2043 1591 2092 quos
1646 2030 1864 2085 Plautus
1919 2032 2130 2094 egregie
2183 2030 2433 2080 describit
2475 2031 2530 2081 in

1462 2106 1676 2168 prologo
1709 2106 2127 2170 Amphitruonis:
2163 2109 2179 2134 ‘
2206 2108 2280 2156 Ut
2318 2108 2532 2171 conqui-

1464 2180 1651 2231 sitores
1686 2184 1873 2245 singuli
1912 2184 1962 2232 in
1997 2184 2243 2234 subsellia
2267 2186 2406 2232 Eant
2440 2199 2535 2248 per

1465 2265 1628 2309 totam
1667 2275 1877 2310 caveam
1917 2260 2319 2325 spectatoribus,
2356 2261 2537 2310 Si·cui

1433 2354 1437 2358 ·
1462 2337 1695 2391 fautores
1718 2339 1985 2401 delegatos
2009 2339 2252 2401 viderint,
2276 2339 2350 2388 Ut
2374 2338 2453 2387 his
2477 2339 2532 2387 in

1464 2429 1627 2467 cavea
1657 2416 1840 2479 pignus
1874 2417 2148 2478 capiantur
2187 2422 2345 2478 togae.
2412 2414 2536 2464 Sive

1464 2491 1553 2554 qui
1593 2490 2141 2553 ambissent.·palmam
2180 2489 2533 2551 histrionibus,

1463 2568 1570 2616 Seu
1589 2567 1829 2630 cuiquam
1852 2565 2057 2628 artifici,
2082 2582 2173 2616 seu
2197 2581 2289 2630 per
2314 2567 2540 2630 scriptas

1466 2645 1666 2706 literas,
1700 2644 1820 2692 Sive
1845 2644 1933 2708 qui
1967 2644 2067 2706 ipsi
2106 2644 2535 2705 ambissent,asen

1466 2734 1561 2782 per
1604 2718 2016 2771 internuntium!
2107 2719 2285 2768 Habes
2332 2732 2536 2768 omnem

1468 2810 1698 2859 operam,
1721 2811 1878 2860 quam
1897 2796 2216 2860 praestabant
2239 2796 2319 2852 hae
2341 2809 2537 2858 operae.

1467 2872 1669 2922 Eodem
1703 2874 1938 2937 pertinet
1976 2873 2140 2924 infra:
2174 2877 2190 2901 ‘
2215 2875 2290 2923 Ut
2313 2872 2540 2937 „conqui-

1469 2951 1656 3001 sitores
1688 2951 1876 3003 flerent
1908 2951 2241 3003 histrionibus
2268 2951 2392 3012 Qui,
2424 2948 2542 3010 sibi,-

1468 3026 1818 3089 mandassent,
1856 3027 2086 3090 delegati
2118 3033 2177 3075 ut
2214 3026 2543 3089 plauderent,

1472 3101 1663 3165 Quive,
1698 3117 1801 3166 quo
1824 3103 2063 3165 placeret
2085 3104 2240 3162 alter,
2274 3101 2544 3165 fecissent,

1471 3177 1673 3227 minus!
1709 3179 1963 3228 Nimirum
1977 3194 2130 3243 operae
2148 3180 2402 3228 theatrales
2419 3182 2547 3227 sunt

1464 3253 1686 3317 fautores
1700 3257 1922 3318 delegati.
1978 3259 2114 3306 Nam
2134 3257 2270 3320 quod
2293 3270 2358 3304 ex
2379 3254 2544 3311 Coelio

1476 3331 1766 3395 Rhodigino
1798 3333 1832 3382 l.
1854 3347 1978 3383 vnt-
2003 3337 2052 3382 8.
2085 3334 2261 3381 nescio
2295 3331 2431 3395 quod
2455 3343 2547 3401 unq

1475 3406 1636 3457 bilum
1660 3410 1838 3460 Plauti
1853 3417 2066 3464 monent
2081 3410 2417 3469 illustrari,et
2434 3408 2547 3457 Cae-

1471 3485 1573 3532 lins
1596 3493 1652 3534 et
1686 3486 1788 3548 ipsi
1816 3487 2047 3535 tenebris
2081 3482 2379 3535 circumfusi
2403 3489 2546 3538 sunt.

1474 3561 1675 3611 Plinius
1712 3563 1880 3625 Epist.
1920 3576 2020 3611 vn.
2055 3566 2136 3612 24.
2171 3562 2185 3588 ‘
2210 3560 2285 3621 At
2318 3560 2548 3616 Hercule

1475 3637 1774 3689 alienissimi
1795 3638 2024 3688 homines
2047 3638 2100 3686 in
2124 3632 2370 3697 honorem
2407 3635 2548 3686 Qua·

1478 3711 1699 3762 dratillae
1739 3713 1927 3777 (pudet
1950 3728 2031 3763 me
2055 3713 2253 3763 dixisse
2276 3707 2548 3773 honorem)

1478 3800 1574 3850 per
1610 3788 1919 3837 adulationis
1943 3787 2166 3839 officium
2196 3787 2248 3835 in
2290 3784 2548 3834 theatrum

1479 3867 1819 3928 cursitabant,
1844 3866 2195 3926 exsultabant,
2214 3861 2549 3927 plaudebant,

1478 3941 1830 3991 mirabantur:
1869 3958 1929 3992 ac
1965 3942 2150 3991 deinde
2187 3939 2410 4002 singulos
2436 3952 2551 4001 ges·

1480 4025 1564 4066 tus
1589 4019 1811 4068 dominae
1831 4035 1947 4069 cum
1971 4019 2191 4069 canticis
2217 4015 2546 4079 reddebantt

1481 4096 1569 4160 qui
1586 4110 1722 4145 nunc
1741 4096 2070 4160 exiguissima
2087 4097 2258 4156 legata
2283 4091 2550 4142 theatralis

1481 4185 1654 4234 operae
1690 4173 2014 4220 corollarium
2052 4170 2309 4233 accipient
2348 4168 2413 4218 ab
2448 4169 2551 4217 hae-

1482 4247 1628 4309 rede,
1653 4250 1742 4312 qui
1767 4262 1868 4296 non
1892 4246 2204 4309 spectabat?
2266 4245 2377 4295 Ubi
2398 4245 2552 4307 longo

1485 4322 1666 4375 devius
1686 4338 1719 4374 a
1742 4337 1862 4375 vero
1885 4321 2213 4375 doctissimus
2233 4318 2370 4386 Aug.
2382 4318 2560 4384 Buchy.
