3009 4942
769 380 958 444 mm.
1003 392 1094 443 11.
1132 389 1298 445 cu.
1324 377 1432 444 46.
1480 394 2040 451 mamanensi.

311 533 511 586 rincum
527 535 717 589 habita!
738 552 843 589 non
864 538 1119 590 interfuit.
1156 539 1378 590 Quando

311 625 555 663 reversus
576 628 639 663 eo
659 612 839 679 fuerit,
862 626 919 666 et
952 632 1064 679 cur,
1085 617 1288 666 caeteris
1311 616 1378 666 ad

309 704 541 754 pugnam
573 694 832 758 euntibus,
854 694 1046 744 ibidem
1068 695 1378 758 substiterit,

308 767 481 817 Taciti
523 770 840 834 negligentia
871 772 1123 821 intactum
1149 771 1379 837 reliquit,

308 849 369 894 nt
389 852 445 894 et
463 847 819 911 complurium,
838 863 954 913 quae
974 849 1242 913 speciatim
1263 850 1378 899 Cel·

306 934 438 984 sum,
458 923 688 986 Gallum,
706 924 989 990 Titianum,
1003 929 1102 976 ὅτε.
1118 933 1376 990 spectant,

302 997 629 1062 ignoratione
651 1017 745 1051 nos
762 1004 965 1065 multat,
980 1016 1094 1053 cum
1114 1010 1373 1053 accuratas

302 1078 617 1127 narrationis
640 1094 849 1143 operam
864 1086 1160 1130 mereantur
1180 1083 1234 1129 in
1257 1081 1373 1129 sub-

293 1151 544 1217 jiciendis
569 1157 777 1207 Valenti
800 1165 856 1207 et
878 1160 1103 1210 Caeciuae
1124 1160 1372 1210 Othonia·

302 1233 415 1293 nis3
467 1234 754 1286 Plutarcho
791 1252 893 1287 nou
932 1240 1135 1304 omissa,
1156 1246 1210 1289 et
1232 1239 1369 1289 iners

302 1310 531 1360 auctoris
568 1313 730 1362 nostn‘
778 1314 1038 1363 silentium
1080 1317 1367 1380 arguentia,

299 1387 388 1451 qui
412 1386 480 1451 (si
503 1403 680 1438 verum
703 1388 863 1440 fateri
898 1390 1046 1456 licet)
1067 1391 1165 1440 hac
1195 1408 1367 1443 narra-

298 1462 444 1513 tione
466 1464 539 1514 ita
559 1463 838 1517 defunctus
858 1474 956 1528 est,
971 1474 1030 1517 ut
1051 1469 1178 1518 illud
1202 1472 1366 1520 solum

297 1537 665 1605 intelligamus,
685 1543 808 1607 quid
841 1546 1131 1609 scripserit,
1167 1561 1266 1596 non
1292 1548 1366 1597 in·

297 1618 580 1669 tellexisse.
620 1621 691 1670 Et
709 1636 832 1670 sane
846 1623 1014 1689 quoad
1034 1624 1366 1687 particularia

297 1695 484 1746 scribit
504 1696 834 1763 Plutarchus,
848 1700 935 1763 qui
958 1701 1009 1748 in
1030 1700 1143 1749 acie
1168 1703 1364 1751 versati

296 1771 468 1824 fuerin
476 1780 511 1839 t,
526 1774 782 1839 professos
802 1778 880 1827 sni
897 1793 952 1827 se
966 1778 1173 1841 ignaros
1187 1777 1365 1842 fuisse,

295 1850 374 1901 διὰ
393 1851 484 1912 τὴν
517 1851 711 1916 ἀταξίαν
753 1853 833 1903 καὶ
866 1853 957 1913 τὴν
987 1854 1286 1916 ἀνωμαλίανε
1324 1857 1358 1905 i.

294 1944 402 1978 eum
446 1930 603 1980 omnia
646 1931 835 1991 confuse
875 1939 1173 1994 gererentur.
1255 1933 1361 1984 Ne-

296 2022 396 2071 que
439 2015 614 2058 tamen
648 2010 946 2059 excusanda
978 2010 1193 2060 Tacitus
1229 2026 1363 2060 com-

291 2084 454 2149 misit,
474 2099 591 2136 eum
629 2087 943 2137 Plutarchus
980 2088 1163 2137 minori
1188 2102 1361 2138 rerum

290 2160 644 2212 Romanarum
661 2165 865 2227 notitia,
880 2167 962 2214 cui
979 2180 1073 2215 nee
1090 2167 1163 2215 ita
1180 2162 1361 2215 faciles

291 2240 360 2289 ad
382 2240 565 2289 intima
586 2243 909 2305 negotiorum
937 2242 1126 2310 aditus,
1148 2259 1213 2294 ex
1235 2244 1362 2293 duo-

289 2314 386 2364 bus
440 2316 589 2366 malis
632 2318 685 2368 id
730 2319 1021 2382 prodiderit
1074 2321 1357 2384 memoriae,

291 2392 431 2456 qnod
453 2393 616 2457 magis
641 2397 813 2459 potuit
846 2397 1099 2461 intelligi3
1134 2398 1213 2445 vir
1235 2398 1357 2447 alio·

235 2462 242 2469 ’
289 2469 413 2533 quin
437 2471 620 2520 Tacito
641 2472 794 2535 longe
814 2473 1000 2536 major.
1069 2473 1224 2523 θοοῦ.

353 2546 429 2595 Et
452 2547 494 2595 si
530 2547 603 2597 ita
624 2548 806 2612 ferret]
841 2550 1029 2599 Nonne
1062 2548 1355 2600 addendum

285 2622 485 2688 aliquid
527 2624 594 2674 ad
634 2626 725 2676 illa
744 2624 949 2676 fuerat?
1000 2627 1159 2676 Forte
1182 2628 1355 2692 legen-

287 2697 429 2761 dum,
451 2700 495 2749 si
504 2700 615 2760 fors
634 2703 704 2751 ita
712 2703 889 2764 ferret.
956 2703 1238 2756 Acidalius.

351 2776 489 2827 CAP.
509 2782 591 2829 45.
624 2779 770 2844 Apud
790 2782 928 2829 duces
956 2781 1233 2831 Vitellianos
1266 2784 1353 2835 du-

283 2853 513 2917 bitatum]
546 2855 659 2905 Imo
684 2871 826 2920 vero,
846 2872 937 2906 non
956 2857 1246 2908 dubitatum:
1278 2859 1354 2908 id-

282 2945 385 2996 que
410 2945 494 2981 res
517 2940 573 2983 et
594 2933 908 2983 Plutarchus
931 2935 1166 2985 suadent.
1221 2934 1351 2986 Ideo

282 3009 484 3072 optima
503 3010 664 3060 lectio
688 3026 838 3076 quam
876 3026 942 3060 ex
963 3011 1103 3060 Flor.
1128 3012 1353 3064 adstruit

280 3086 545 3137 Pichena:
580 3088 724 3137 missa
758 3089 963 3152 legatio:
1008 3105 1090 3139 nec
1118 3091 1245 3154 apud
1265 3093 1350 3140 du-

279 3182 371 3217 ces.
439 3168 663 3232 Lipsius.

221 3246 226 3249 “
348 3244 509 3293 Missa
527 3246 720 3309 legatio,
739 3261 822 3296 nec
853 3248 982 3310 apud
1013 3245 1173 3311 duces]
1203 3247 1352 3299 Male'

278 3322 440 3384 vulgo
466 3338 479 3371 ε
536 3323 678 3372 missa
720 3324 970 3386 legatione,
1005 3325 1135 3387 apud
1179 3325 1350 3372 duces.-

278 3398 419 3448 unde
460 3396 667 3463 Lipsius
698 3413 799 3448 non
828 3401 1086 3450 immerito
1120 3399 1351 3464 negatio·

277 3490 401 3526 nem
422 3476 743 3527 inserendam
765 3477 1027 3528 censebat.
1093 3476 1350 3526 Florenti-

278 3568 376 3602 nus
399 3553 520 3604 mihi
538 3553 604 3603 ad
618 3568 793 3604 veram
817 3553 1195 3604 correctionem
1214 3568 1348 3617 prae-

277 3630 401 3680 tulit
446 3628 632 3694 facem,
675 3632 764 3697 qui
801 3631 990 3681 habet:
1038 3633 1181 3680 missa
1215 3633 1346 3693 lega-

273 3708 436 3757 tione.-
489 3711 638 3772 capud
676 3712 829 3759 duces.
907 3708 1054 3758 Infra
1095 3709 1213 3758 eod.
1255 3709 1345 3760 lib.

275 3788 294 3815 ⁴
320 3796 376 3836 et
412 3787 566 3836 missa
605 3788 821 3852 legatio,
842 3803 957 3852 qnae
999 3788 1188 3851 gaudio
1228 3787 1345 3838 fun-

274 3863 527 3927 geretur!
560 3865 792 3913 Pichemz.
860 3865 980 3916 Quo
1016 3871 1173 3927 pacto
1196 3863 1344 3913 dubi·

273 3944 448 3988 tatum
472 3939 515 3989 si
535 3940 624 3990 isti
665 3940 850 3990 castris
886 3940 1206 4001 abstinuere,
1228 3955 1343 4004 spe·

272 4023 452 4066 rantes
474 4016 818 4067 voluntariam
852 4016 1200 4066 deditionem?
1234 4019 1249 4044 ‘
1274 4016 1341 4066 si·

271 4093 381 4142 mul
426 4093 714 4142 voluntaria
759 4093 956 4143 deditio
997 4094 1339 4157 sperabatur.’

271 4170 345 4219 Et
368 4169 700 4219 centuriones
714 4170 828 4233 jam
852 4171 1229 4235 praemiserant,
1250 4171 1339 4235 qui

271 4245 714 4305 deconditionib.
755 4256 975 4310 agerent
1008 4262 1123 4305 cum
1155 4247 1339 4298 victis?

268 4323 541 4391 Plutarch.
561 4325 616 4376 in
638 4324 765 4377 oth.
814 4323 984 4390 ‘ipsis
1021 4339 1147 4376 vero
1184 4323 1339 4391 profi-

2340 384 2521 456 ω

1449 538 1766 590 ciscentibus
1802 542 2131 592 centuriones
2169 543 2371 595 obviam
2408 545 2519 597 fao·

1453 617 1494 666 ti
1512 624 1649 675 sunt,
1670 619 1757 683 qui
1782 618 2016 668 dicerent
2038 626 2232 670 motum
2238 622 2350 686 jam
2369 636 2517 673 exer-

1447 695 1606 743 citum
1631 695 1941 743 Bedriacum
1977 703 2177 759 petere,
2199 708 2252 746 se
2290 705 2463 750 antem
2483 713 2517 748 a

1449 774 1665 823 ducibus
1702 774 1881 824 missos
1920 789 2014 838 pro
2049 774 2363 826 concordia!
2427 776 2517 827 An

1447 852 1758 915 legationem
1790 866 1893 900 non
1931 853 2104 901 statim
2136 854 2516 917 amplecteren-

1447 934 1553 990 tur,
1573 929 1661 993 qui
1682 928 1876 978 animos
1899 929 2129 978 hostium'
2143 945 2245 979 non
2269 931 2513 981 demissos

1445 1006 1750 1066 cernebant,
1792 1012 1847 1055 et
1902 1006 2147 1054 Moesicos
2203 1007 2512 1070 propediem

1445 1082 1678 1132 sciebant
1700 1081 1984 1132 affuturos?
2033 1083 2146 1132 haec
2170 1085 2403 1134 nonnihil
2425 1099 2510 1135 ur-

1444 1165 1589 1223 gent,
1622 1174 1722 1208 non
1747 1159 1932 1209 addam
1969 1167 2143 1209 tamen
2164 1162 2511 1226 negationem,

1441 1242 1501 1285 nt
1523 1236 1717 1286 factum
1739 1245 1818 1287 est
1840 1237 2186 1287 eruditissimo
2207 1238 2337 1288 viro.
2403 1239 2513 1289 Pus·

1405 1350 1413 1357 .
1443 1319 1568 1373 tem,
1612 1317 1736 1378 apud
1777 1317 1917 1365 duces
1967 1316 2259 1378 Vitellianos,
2282 1317 2506 1380 positum

1442 1406 1538 1453 pro
1556 1392 1608 1440 in
1623 1392 1808 1441 castris
1826 1392 2024 1441 Vitellii
2041 1409 2054 1451 ;
2080 1394 2320 1456 exemplo
2338 1394 2507 1444 Comi-

1439 1482 1637 1529 corum,
1661 1468 1745 1532 qni
1767 1467 1946 1517 dicunt
1967 1472 2093 1531 apud
2128 1484 2229 1530 uos,
2265 1473 2392 1534 apud
2412 1486 2507 1535 uos,

1439 1543 1578 1593 domi
1600 1551 1812 1608 uostrae,
1833 1553 2038 1594 vestrae.
2073 1546 2135 1594 In
2158 1546 2342 1596 castris
2366 1547 2504 1596 enim

1437 1622 1659 1683 Vitellii,
1674 1621 1760 1687 qui
1775 1622 1996 1671 concilio
2020 1637 2120 1671 non
2138 1622 2508 1686 interfuerunt,

1436 1699 1687 1764 suspicati
1711 1706 1833 1749 sunt
1849 1700 2168 1749 Othonianos
2194 1702 2368 1752 irritos
2391 1703 2505 1766 spei

1438 1780 1504 1829 ad
1528 1794 1646 1830 suos
1679 1795 2024 1841 reversurum,
2049 1778 2189 1845 quod
2221 1794 2251 1829 a
2286 1780 2505 1851 ducibus

1437 1852 1640 1906 diutule
1682 1858 1732 1906 in
1778 1857 2001 1907 concilio
2046 1856 2249 1907 detenti
2287 1857 2502 1921 fuerint,

1435 1934 1579 1997 quasi
1600 1948 1662 1982 ea
1684 1949 1828 1983 mora
1850 1935 2051 1997 signum
2074 1939 2210 1983 esset
2231 1934 2374 1999 pacis
2398 1949 2502 1985 non

1433 2010 1747 2074 impetratae.
1817 2011 1951 2059 Haec
1992 2026 2057 2059 an
2097 2025 2224 2059 vera
2262 2012 2367 2062 sint
2403 2027 2501 2063 nee

1436 2100 1524 2147 ne,
1564 2086 1831 2151 sequentia
1869 2101 1970 2135 non
2012 2087 2233 2136 obscure
2273 2088 2498 2139 docent:

1433 2163 1450 2190 ⁶
1473 2163 1632 2227 legati
1655 2164 1915 2227 paulisper
1938 2163 2151 2223 retenti,
2188 2177 2251 2212 ea
2290 2178 2373 2213 res
2395 2166 2499 2215 hm-

1432 2239 1729 2289 sitationem
1774 2240 1953 2290 attulit
1989 2240 2180 2303 ignaris
2214 2232 2498 2303 adhue-‚an

1432 2315 1834 2379 impetrassent!
1888 2316 2173 2367 Salinerius.

1499 2395 1635 2444 CAP.
1659 2398 1741 2444 46.
1779 2395 1846 2445 Et
1879 2393 2265 2457 consilii‘certus]
2297 2394 2498 2459 Malim,

1430 2473 1513 2520 sed
1530 2486 1652 2521 cons.
1674 2476 1842 2521 certus.
1912 2472 2207 2520 RhenanuS.

1496 2549 1551 2596 Is
1563 2549 1783 2612 prator-ii
1800 2548 2074 2612 praefectus]
2101 2547 2224 2597 Duo
2240 2544 2498 2598 Praefecti

1430 2624 1678 2690 privatorio
1713 2625 1808 2676 sub
1855 2625 2083 2689 Othone,
2121 2623 2349 2675 Licinius
2369 2625 2497 2674 Pro-

1429 2704 1575 2753 culus
1599 2710 1657 2753 et
1682 2703 1885 2753 Plotius
1908 2702 2127 2753 Firmus.
2157 2701 2368 2750 Tacitus
2390 2700 2424 2749 l.
2450 2714 2494 2750 1.

1428 2781 1444 2807 ‘
1468 2779 1712 2829 Praetorii
1737 2778 2025 2847 Praefectos
2047 2778 2145 2828 sibi
2169 2778 2267 2842 ipsi
2294 2778 2493 2841 legere,

1427 2857 1661 2910 Plotium
1717 2858 1946 2908 Firmum
2001 2872 2032 2906 e
2084 2855 2492 2920 manipularibus

1428 2935 1707 2997 quondam,
1763 2941 1819 2984 et
1872 2934 2127 2984 Licinium
2178 2931 2492 2982 Proculum!

1428 3011 1543 3061 Nec
1566 3011 1691 3060 alios
1715 3026 1927 3075 usquam
1957 3012 2202 3060 nominat.
2266 3010 2339 3058 Ut
2370 3009 2494 3073 jure

1424 3089 1583 3138 mirer
1616 3089 1672 3140 in
1703 3089 1802 3138 hac
1822 3089 2046 3140 Othonis
2083 3094 2252 3138 morte
2285 3084 2495 3135 Plutar-

1425 3163 1577 3214 chum
1600 3179 2004 3215 commemorare
2037 3166 2327 3215 Pollionem
2360 3177 2495 3228 proe-

1426 3241 1548 3291 torii
1571 3240 1910 3292 Praefectum.
1960 3241 2114 3307 Quod
2130 3242 2219 3290 vix
2238 3247 2320 3289 est
2340 3246 2399 3290 ut
2421 3239 2493 3288 sit

1424 3321 1536 3370 sine
1556 3321 1775 3370 mendo:
1812 3321 1972 3370 verba
2009 3321 2155 3382 ejus:
2192 3320 2253 3369 ot
2274 3318 2327 3368 δὲ
2346 3336 2491 3382 στρα-

1421 3399 1602 3459 τιῶται,
1625 3396 1913 3460 Πολλίωνος,
1932 3398 2020 3445 τοῦ
2052 3395 2214 3460 ἑτέρου
2233 3399 2328 3445 τῶν
2349 3393 2489 3459 ἐπάρ-

1423 3492 1542 3538 χων,
1585 3473 1768 3535 ὀμνύειν
1802 3472 1932 3524 εὐθὺς
1972 3473 2036 3524 εἷς
2085 3473 2171 3523 τὸν
2210 3470 2490 3523 Οὐιτέλλιον

1422 3549 1755 3613 κελεύσαντος,
1809 3554 1888 3615 &a
1930 3551 2206 3617 malimque
2239 3548 2453 3600 Πλωτίου
2472 3565 2489 3600 2

1422 3627 1520 3677 nisi
1540 3628 1661 3679 huic
1681 3628 1856 3677 Plotio
1893 3628 2053 3679 etiam
2093 3629 2343 3679 Pollionis
2367 3643 2489 3692 cog·

1421 3721 1629 3769 nomen,
1674 3706 1812 3772 quod
1860 3721 2016 3755 unum
2070 3706 2176 3756 dici
2231 3710 2487 3770 superest.

1419 3783 1631 3847 Dipaia.

1485 3861 1540 3908 Is
1552 3859 1776 3923 proetorii
1807 3858 2060 3923 proefectus
2092 3857 2222 3920 erat]
2253 3856 2485 3907 Verbum

1418 3942 1525 3987 erut
1546 3937 1859 3986 sustulimus.
1926 3936 2199 3983 Rhenanus.
2424 3970 2429 3975 .

1483 4013 1672 4073 Maiore
1705 4012 1863 4061 animo
1901 4010 2121 4072 tolerari]
2158 4009 2187 4039 '¹
2209 4010 2445 4061 Lucanus
2466 4026 2485 4059 ι

1417 4091 1517 4137 &c.
1541 4088 1571 4117 ¹*
1595 4088 1694 4136 Illa
1711 4087 1858 4151 virgo
1874 4086 2011 4150 apud
2028 4086 2294 4150 egregium
2309 4093 2484 4135 vatem

1415 4165 1685 4231 (intellego
1703 4164 1792 4228 qui
1811 4161 2077 4212 Thebaida
2096 4159 2328 4227 scripsit)
2345 4159 2362 4188 ‘
2380 4173 2496 4210 non·

1416 4247 1518 4305 est,
1549 4248 1606 4292 ut
1645 4247 1818 4304 putas,
1855 4240 2036 4303 virtus,
2076 4247 2248 4305 pater,
2277 4239 2482 4289 Timere

1414 4321 1599 4373 vitam:
1636 4320 1729 4373 sed
1745 4320 1896 4381 malis
1913 4319 2212 4386 ingentibus
2220 4318 2480 4386 obstare,
