3009 4942
495 395 672 464 3790

496 553 756 605 mitiorum
781 567 883 616 res,
925 553 1108 603 amissa
1129 552 1398 613 libertate,
1419 552 1561 602 varie

497 630 705 682 habita:
764 630 972 679 zie-vide
1007 631 1212 680 omnino
1252 632 1300 678 in
1344 631 1561 678 Excurs.

497 709 736 772 quaehuc
760 705 979 768 faciunt,
1001 708 1154 756 litera
1180 709 1242 756 E.
1308 707 1554 769 Lipsius.'

540 785 734 840 „Ludoffi
757 783 840 845 qui
861 785 919 830 de
934 784 1117 831 nomine
1135 784 1367 845 Augusti]
1396 783 1424 811 '⁵
1445 789 1566 831 acta

496 859 652 910 sunt?
701 857 771 907 At
807 859 976 907 Suidae
1002 858 1290 922 Augustale.
1314 860 1471 907 etiam
1494 860 1564 906 lo-

496 951 587 986 eus
609 943 711 995 est,
749 936 801 983 in
825 951 926 999 quo
951 934 1194 997 praefecti
1219 936 1483 998 regionum
1510 942 1564 984 et

496 1012 722 1061 otiltores
767 1010 995 1074 Augusti
1045 1011 1324 1070 saltabant,
1383 1011 1565 1060 Idibus

497 1088 757 1141 Octobris.
826 1088 993 1136 Video
1033 1088 1290 1137 hominem
1332 1090 1564 1138 alludere

496 1166 723 1216 velle‘ad
765 1166 854 1213 hos
898 1166 1060 1226 ludos,
1101 1165 1192 1214 sed
1227 1167 1316 1227 ita,
1353 1172 1411 1213 nt
1447 1181 1564 1214 eum

494 1241 790 1306 plaue¹non
835 1242 1069 1304 capiam:
1122 1242 1454 1305 Αὐγουστεῖον,
1490 1243 1565 1289 in·

498 1317 632 1382 quit,
666 1316 857 1378 ἐκλήθη,
881 1316 999 1365 διότι
1017 1319 1079 1381 τῇ
1105 1315 1159 1366 ιε’
1176 1320 1261 1365 τοῦ
1280 1316 1567 1381 Ὀκτωβρίου

494 1394 639 1457 μηνὸς
675 1397 719 1444 οἱ
752 1393 1076 1458 ῥεγεωνάρχαι
1104 1395 1182 1444 καὶ
1221 1394 1566 1458 σεβαστοφόροι

495 1472 717 1536 ἐχόρευον
739 1473 790 1520 ἐν
827 1476 896 1534 τῷ
930 1471 1247 1536 Αὖγουστείῳ,
1286 1472 1383 1522 οἷον
1424 1475 1475 1522 ἐν
1498 1476 1567 1522 τῶ

494 1548 758 1613 ὂψοπωλίῳ,
783 1548 846 1598 εἰς
864 1549 1003 1610 τιμὴν
1023 1548 1250 1613 Τιβερίου.
1274 1549 1303 1578 ³*
1318 1550 1464 1599 Scies
1490 1557 1566 1599 ta·

494 1642 615 1677 men
636 1637 691 1676 et
717 1627 844 1676 alios
868 1627 1014 1675 ludos
1052 1625 1229 1688 fuisse,
1266 1640 1393 1690 quos
1415 1627 1566 1676 intel-

494 1705 628 1768 legit
674 1711 729 1754 et
775 1704 1071 1753 Ovidius-l.
1120 1718 1194 1752 ιν.
1241 1705 1305 1751 de
1352 1704 1562 1754 Ponto:

493 1781 510 1811 ‘
538 1781 762 1830 Pontica
776 1795 867 1829 me
890 1781 1064 1843 tellus,
1103 1781 1308 1844 quantis
1330 1781 1429 1829 hac
1452 1795 1566 1844 pos-

495 1872 668 1907 sumus
692 1857 1060 1905 ora-Natalem
1098 1857 1254 1918 ludis,
1292 1858 1391 1906 scit
1432 1858 1566 1907 cele-

494 1933 645 1982 brare
672 1931 810 1982 Dei!
848 1932 980 1981 'Sed
1022 1947 1111 1981 eos
1149 1948 1275 1983 cave
1310 1948 1427 1985 cum
1458 1933 1565 1984 Αιιὲ

494 2009 780 2072 gustantibus
804 2007 1107 2059 confundas.
1126 2010 1293 2059 Idem.
1434 2024 1457 2029 ··

567 2083 880 2146 Vocarentur]
913 2084 942 2113 *
967 2086 1073 2135 Pro
1087 2092 1310 2136 vocantur
1326 2094 1405 2137 est
1428 2089 1564 2152 posi·

494 2165 626 2211 tum.
690 2162 765 2210 Ut
801 2161 938 2224 apud
976 2163 1278 2212 Ciceronem
1321 2179 1423 2234 prol
1452 2165 1565 2214 Cae-

494 2237 642 2289 cina:
699 2240 715 2266 ‘
749 2234 1060 2301 procurator
1104 2241 1296 2291 dicitur
1338 2238 1563 2291 omnium

493 2330 665 2365 retum
702 2316 832 2379 ejus,
870 2317 958 2381 qui
994 2318 1047 2366 in
1082 2319 1239 2368 Italia
1262 2334 1361 2369 non
1385 2321 1454 2369 sit
1476 2321 1563 2369 ab·

495 2391 630 2441 sitve
669 2392 801 2455 reip.
841 2395 1051 2443 cansaz’
1089 2409 1183 2457 pro
1204 2396 1285 2458 qui
1323 2396 1374 2445 in
1414 2398 1563 2446 Italia

490 2483 587 2521 mn
600 2469 903 2519 est-abestve:
935 2486 1052 2520 nam
1067 2471 1302 2535 profecto
1327 2474 1460 2537 ejus,
1482 2474 1563 2537 qui

490 2560 582 2595 non
601 2547 736 2595 sitin
757 2547 926 2610 Italia,
946 2549 1052 2598 ‚hoc
1075 2556 1176 2611 est,
1200 2550 1289 2614 qui
1312 2550 1561 2613 deinceps

493 2621 766 2675 abfuturus
791 2624 878 2687 sit,
911 2627 1122 2689 proprie
1144 2641 1248 2675 non
1272 2633 1353 2675 est
1377 2628 1562 2690 procu-

491 2704 650 2748 rator.
717 2700 981 2748 Caeterum
1005 2702 1054 2748 in
1077 2701 1293 2765 obliquis
1317 2702 1564 2750 orationi·

479 2768 593 2825 'bus
642 2772 1085 2839 frequentissimus
1139 2776 1223 2824 hic
1279 2783 1362 2825 est
1420 2792 1559 2826 usus.

495 2851 641 2902 Quot
664 2855 905 2915 exempla
928 2853 982 2901 in
1007 2868 1109 2901 una
1142 2853 1378 2902 oratione
1401 2854 1562 2903 Mith-

493 2925 676 2977 ridatis
717 2926 853 2989 apud
895 2928 1090 2977 Justiu.
1131 2932 1212 2978 38.
1247 2929 1264 2956 ⁴
1290 2928 1562 2993 militibuS,

492 3002 583 3066 qui
636 3001 905 3067 Aquilium
966 3001 1230 3053 fuderint:
1290 3018 1408 3055 cum
1463 3005 1562 3054 sibi

493 3078 776 3141 Phrygiam
815 3080 1121 3143 ademerint,
1166 3095 1320 3145 quam
1363 3097 1559 3144 proavo

493 3167 588 3207 suo
610 3154 856 3204 Seleucus
881 3156 933 3205 in
958 3157 1132 3209 dotem
1156 3156 1421 3209 dedisset!
1495 3158 1560 3207 In

492 3228 696 3279 directa
714 3232 946 3280 oratione
971 3232 1260 3282 diceretur:
1295 3234 1378 3297 qui
1407 3234 1560 3298 Aqui·

487 3307 604 3357 lium
631 3308 864 3368 fuderunt
881 3327 897 3359 .·
943 3311 1213 3373 Phrygiam
1267 3314 1559 3389 udegnerimt,

490 3399 631 3449 quam
650 3383 868 3434 Seleucus
884 3387 1034 3436 dedit.
1061 3387 1090 3416 *
1125 3387 1362 3437 Freinah.

563 3461 720 3524 thue
754 3477 843 3524 per
894 3463 1070 3511 circum
1112 3465 1405 3528 triumphali·
1433 3471 1562 3515 veste

489 3540 759 3601 uterentur]
793 3541 1025 3591 Justiuus
1049 3543 1140 3592 lib.
1162 3556 1279 3599 xvi.
1298 3543 1365 3591 de
1386 3544 1562 3594 Clear-

491 3615 621 3665 eho:
657 3616 672 3642 ‘
696 3617 857 3665 Veste
901 3633 1162 3680 purpurea
1201 3627 1257 3669 et
1294 3619 1562 3669 cothurnis

490 3704 672 3753 regum
709 3692 1040 3752 Tragicorum
1084 3701 1140 3741 et
1179 3708 1335 3743 aurea
1369 3709 1561 3744 corona

492 3767 777 3816 utebatur!
865 3768 963 3815 Dio
1006 3768 1097 3817 lib.
1140 3782 1243 3818 Lv1.
1284 3778 1556 3821 extremo:

488 3841 552 3892 τά
566 3861 624 3892 τε
660 3841 999 3904 Αὔγουστάλια
1037 3845 1081 3893 οῖ
1112 3845 1360 3911 δήμαρχοι,
1398 3849 1458 3897 ὥς
1479 3849 1560 3898 καὶ

488 3919 771 3987 ἱεροπρεπεῖς
783 3918 940 3982 ὄντες,
957 3923 1207 3971 manaem·
1232 3925 1314 3973 καὶ
1325 3926 1377 3973 οἶε
1388 3925 1476 3986 μὲν
1494 3926 1559 3975 τὰ

489 3994 638 4056 ἄλλα,
675 3997 831 4059 ὥσπερ
863 3995 1005 4045 εἰώθει
1036 3997 1302 4063 γίγνεσθαι,
1336 4000 1554 4065 ἔπραξαν·

489 4071 684 4135 καὶγὰρ
704 4075 767 4136 τῇ
790 4073 962 4131 ,ἐσθῆτι
995 4076 1058 4139 τῇ
1092 4075 1295 4137 ἐπινικίῳ
1328 4078 1378 4125 ἐν
1397 4080 1461 4142 τῇ
1485 4079 1557 4126 ἱπ-

486 4148 714 4213 ποδρομίᾳ
751 4148 1027 4212 ἑχρήσαντσ
1065 4152 1118 4199 οὗ
1156 4151 1317 4213 μέντοι
1351 4152 1429 4203 καὶ
1470 4155 1559 4202 τοῦ

484 4222 692 4289 ἅρματος
707 4223 959 4285 ἐπέβησαν.
1025 4227 1197 4279 At-vir
1215 4231 1398 4281 nobilis
1416 4230 1555 4294 apud

486 4302 731 4360 Tacitum
753 4303 990 4370 corrigit,
1023 4305 1302 4373 triumphale·
1334 4310 1559 4358 vestesve-

1188 410 1408 461 NOTAE
1459 407 1863 459 VARIORUM
1914 407 1994 456 IN

1640 550 1844 600 lueretur.
1931 549 2189 600 Nimirum
2242 558 2357 598 eam
2414 544 2494 596 his
2534 542 2710 595 verbis

1639 628 1952 675 sententiam
1995 624 2213 686 tribuit‚·
2237 630 2353 688 quoe
2389 621 2608 686 requirit
2641 633 2711 671 ex

1641 702 1991 764 superioribus
2011 702 2232 765 intelligi
2251 699 2310 749 τὸ
2326 700 2562 763 petivere:
2597 702 2712 748 tna?-

1640 792 1794 840 quam
1817 778 1884 825 sit
1907 778 2185 839 integrum,
2211 777 2361 825 'iidem
2386 775 2562 824 tribum·
2580 774 2712 838 petio·

1639 867 1772 912 vere‚·
1786 858 1840 901 ut
1857 868 1946 915 per
1976 856 2151 902 circum
2171 854 2450 917 triumphali
2472 858 2598 902 veste
2625 857 2710 902 νεὶ

1639 930 1887 978 tuerentur.-
1922 932 1995 978 sie
2019 936 2178 994 putat*
2203 932 2393 993 duplex
2419 928 2712 978 eornm-de*

1641 1007 1886 1056 siderium
1923 1009 2133 1071 exponi,
2174 1009 2393 1057 alterum
2435 1007 2501 1055 de
2543 1011 2712 1069 veste,

1642 1084 1857 1132 alterum
1906 1085 1972 1132 de
2014 1099 2187 1145 curru,
2239 1088 2375 1148 quod
2422 1084 2542 1146 quia
2584 1088 2711 1133 mox

1638 1167 1887 1222 negatum
1911 1161 2130 1223 dicatur,
2151 1175 2448 1210 concessum
2476 1160 2713 1223 illud'apz

1641 1249 1866 1298 parere.·
1915 1238 2004 1284 Me
2031 1252 2152 1285 vero
2190 1253 2220 1285 a
2243 1245 2421 1286 vetere
2447 1236 2711 1300 scriptura

1643 1314 1868 1362 tenenda
1892 1315 2115 1364 nondum
2131 1320 2138 1335 ³
2152 1314 2404 1364 deterret.
2417 1314 2529 1362 haec
2554 1315 2710 1365 ratim

1640 1391 1825 1455 Neque
1848 1393 1985 1441 enim
2022 1392 2327 1455 petitionem
2341 1436 2348 1441 ,
2364 1391 2711 1455 tribunatum,

1638 1466 1728 1521 aed
1754 1468 2019 1517 decretum
2044 1478 2255 1517 senatus
2279 1474 2368 1517 aut
2403 1478 2709 1530 responsum
2757 1490 2762 1495 ·

1641 1543 1731 1592 ad·
1753 1544 2057 1607 petitionem
2104 1558 2167 1594 ea
2213 1544 2370 1593 verba
2430 1543 2705 1593 continere

1641 1635 1828 1671 censeo
1849 1638 1864 1682 ;
1900 1622 2005 1670 sive
2022 1622 2093 1671 illi
2111 1628 2294 1684 aperte
2314 1628 2583 1683 utrumque
2596 1632 2713 1682 pose

1643 1698 1872 1761 tularint,
1893 1700 1999 1749 sive
2013 1700 2105 1763 jus
2125 1698 2443 1748 edendorum
2467 1696 2709 1745 ludorum

1640 1775 2087 1838 complectebatur
2104 1776 2196 1825 lios
2205 1776 2446 1837 honores,
2456 1781 2517 1823 ut
2529 1773 2712 1827 etiam,-

1641 1853 1684 1902 si
1707 1855 2008 1904 nominatim
2033 1855 2230 1904 mentio
2243 1854 2310 1902 de
2327 1855 2425 1902 illis
2444 1844 2585 1901 facta
2603 1860 2710 1901 non

1641 1938 1797 1994 esset,
1817 1946 1909 1982 eos
1932 1931 2125 1983 fuerint
2148 1931 2466 1994 usurpatur-i,
2500 1930 2598 1978 nisi
2620 1931 2711 1977 Se·

1549 2024 1556 2051 ι
1638 2014 1790 2056 natus
1831 2008 1895 2057 de
1933 2010 2099 2058 altero
2138 2009 2410 2059 vetuisset.
2474 2007 2712 2071 Suppleo

1638 2076 1832 2149 alitem,
1875 2086 2012 2149 quod
2054 2084 2460 2149 compendifecit
2496 2083 2712 2133 Tacitus

1638 2161 1722 2209 vel
1746 2175 1809 2209 ex
1851 2161 2273 2224 praecedentibus
2299 2162 2382 2210 vel
2420 2176 2488 2210 ex
2527 2159 2712 2210 subse-

1638 2235 1933 2301 quentibus,
2000 2238 2138 2287 Satis
2167 2239 2309 2291 ,enim
2339 2236 2609 2287 commode
2632 2236 2712 2285 in.-

1640 2313 1862 2376 telliges‚
1883 2313 2036 2378 quasi
2054 2315 2251 2365 dictum
2276 2322 2439 2364 esset:
2475 2315 2714 2366 Decreta

1637 2389 1860 2453 pecunia
1894 2404 1958 2438 ex
1995 2392 2212 2442 aerario:
2249 2392 2502 2456 simulque
2524 2391 2710 2441 decre-2

1639 2474 1768 2529 tum,
1803 2473 1862 2516 ut
1887 2481 1982 2530 per
2003 2468 2199 2518 circum
2235 2468 2534 2531 triumphali
2558 2474 2709 2521 veste

1637 2550 1929 2607 uterentur.
1965 2546 2015 2595 N
2020 2560 2081 2594 ec
2102 2545 2268 2594 minus
2286 2546 2583 2609 commode:
2608 2546 2711 2595 Ut-

1638 2635 1734 2685 que
1755 2635 1851 2683 per
1866 2621 2060 2671 circum
2092 2622 2390 2686 triumphali
2421 2627 2572 2673 veste
2592 2628 2710 2675 ute*

1637 2704 1835 2760 rentur,
1859 2701 2191 2762 permissum;
2248 2717 2403 2751 curru
2424 2700 2544 2753 vehi
2567 2700 2709 2751 haud

1639 2773 1958 2838 permissum.
2026 2777 2192 2828 Quale
2217 2777 2357 2833 -illud
2398 2778 2434 2826 1.
2458 2790 2587 2826 1111.
2622 2783 2707 2827 562

1637 2854 1654 2909 ⁴,
1675 2853 1871 2902 Deesse
1885 2855 2045 2904 nobis
2065 2862 2225 2917 terra,
2246 2856 2297 2904 in
2314 2871 2418 2920 qua
2441 2856 2671 2905 vivamus
2689 2870 2707 2917 ς

1637 2928 1690 2976 in
1715 2944 1820 2993 qua
1840 2931 2136 2993 moriamur,
2174 2948 2275 2981 non
2318 2932 2529 2996 potest!
2599 2931 2706 2983 Ubi

1638 3005 1857 3067 perinde
1898 3007 2272 3059 dissimulatum
2314 3008 2372 3057 τὸ
2410 3013 2587 3072 potest,
2646 3014 2706 3058 ut

1636 3081 1746 3130 illic
1765 3080 1824 3129 τὸ
1843 3084 2139 3146 permissum.
2176 3086 2490 3135 Gronovius.
2557 3106 2564 3116 ·

1704 3159 1860 3209 Curru
1874 3161 1982 3209 vehi
1996 3163 2123 3211 haud
2131 3161 2430 3224 permissum]
2462 3163 2546 3211 Ne
2561 3174 2707 3224 pror·

1637 3247 1722 3282 sus
1745 3245 2071 3299 aequarentur
2093 3240 2347 3301 potestati
2360 3237 2570 3302 majori.
2619 3238 2706 3288 De

1637 3323 1795 3360 curru
1817 3311 2110 3362 Praetorum
2132 3313 2184 3362 in
2207 3315 2377 3376 Circe,
2396 3315 2430 3365 J
2436 3313 2670 3364 uvenalis
2689 3328 2712 3363 ι

1634 3387 1650 3413 ‘
1675 3388 1813 3437 Quid
1838 3389 1881 3437 si
1904 3389 2116 3439 vidisset
2139 3391 2429 3440 Praetorem
2467 3392 2520 3439 in
2543 3389 2710 3440 curri-

1636 3462 1731 3511 bus
1749 3465 1870 3514 altis
1884 3467 2236 3516 Exstantem?
2269 3468 2506 3519 Plinius:
2538 3466 2554 3495 ‘
2579 3468 2708 3517 Non
2735 3478 2740 3483 ’

1636 3546 1787 3589 vetus
1830 3549 1884 3590 et
1928 3543 2161 3605 bigarum
2182 3544 2489 3595 ·celebratio
2533 3544 2587 3591 in
2627 3543 2712 3593 bis

1638 3617 1724 3680 qui
1746 3627 1974 3680 praetura
1990 3617 2178 3681 functi,
2197 3635 2349 3669 curru
2370 3621 2507 3669 vecti
2526 3623 2705 3669 essent

1636 3708 1729 3755 per
1753 3693 1997 3742 Circum.'
2064 3697 2145 3743 De
2170 3698 2469 3758 Consulum,
2498 3695 2702 3745 Plinius

1636 3771 1771 3818 alter
1809 3770 1859 3817 in
1898 3771 2221 3819 Laudatione
2260 3772 2498 3836 Trajani:
2548 3771 2565 3798 ⁴
2590 3771 2714 3821 Nos-

1634 3848 1727 3896 sub
1752 3850 2037 3898 tuis-oculis
2058 3851 2321 3914 augustior
2344 3852 2497 3900 solito
2519 3862 2709 3901 currus·

1635 3925 1893 3987 accipiet:
1930 3941 2021 3974 nos
2044 3926 2181 3975 inter
2203 3928 2434 3979 secunda
2454 3926 2625 3975 omina
2646 3931 2712 3976 et

1636 4009 1755 4048 vota
1794 4003 2051 4050 certantia
2091 4003 2338 4051 vehemur
2385 4005 2598 4067 alacres,
2646 4008 2706 4053 et

1633 4077 1822 4125 incerti
1863 4087 1980 4125 utra
2014 4092 2078 4125 ex
2117 4087 2266 4140 parte
2302 4080 2463 4140 major
2494 4078 2706 4131 auribus

1633 4153 1821 4201 nostris
1842 4154 2037 4201 clanior
2054 4154 2294 4203 accidat.’
2318 4154 2618 4218 Scripsique
2631 4154 2710 4204 de

1632 4231 1709 4278 his
1749 4230 1955 4279 uberius
1992 4231 2241 4294 peculiari
2278 4231 2360 4281 De
2385 4231 2706 4294 spectaculis

1636 4306 1791 4372 libro,
1814 4306 1904 4359 cui
1919 4305 2421 4361 Saturnalia-Index.
2453 4306 2674 4381 Lipsius»
2701 4333 2715 4361 z
