3009 4942
810 394 972 444 mn:
1005 395 1059 444 1.
1106 393 1272 446 oar.
1312 377 1381 444 3.

295 534 511 589 bet-rimi
543 537 760 588 nominis
793 537 873 589 vir
915 539 990 590 ita
1032 539 1099 589 de
1132 538 1195 589 iis
1240 537 1368 601 egit,

296 622 359 664 ut
381 629 477 679 per
494 629 610 664 eum
629 615 801 663 Livius
826 629 927 679 non
967 614 1035 663 sit
1068 614 1120 663 in
1153 613 1365 673 histori-

298 690 394 753 cis,
416 704 581 754 neque
605 690 743 739 inter
765 686 1026 739 annalium
1043 691 1366 755 scriptores,

297 766 644 832 Tacitumque
691 766 823 817 dicit
859 765 1156 831 ’ἐφημερίδας
1201 750 1367 830 scrip-

299 843 468 894 sisse:
526 843 661 893 adsit
710 843 809 893 sibi
861 844 1039 894 Livius
1087 856 1245 893 xmn.
1289 848 1368 893 13.

299 922 317 950 ‘
345 936 460 987 quae
479 922 529 969 in
548 936 688 971 meos
710 922 919 971 annales
944 921 1198 971 referam!
1234 922 1369 971 Nos-

301 1004 387 1048 ter
412 1005 604 1063 praeter
640 998 752 1047 haec
775 997 914 1049 Ann.
939 1012 1017 1049 lv,
1050 1000 1065 1027 ‘
1091 999 1196 1048 Sed
1220 998 1369 1049 tiemo

301 1075 516 1125 annales
548 1081 754 1125 nostros
776 1090 890 1125 cum
913 1075 1171 1138 scriptura
1192 1090 1370 1125 eorum

301 1151 671 1202 contenderit.’
749 1150 951 1216 Aperte
991 1152 1221 1203 ostendit
1259 1152 1370 1215 ἔφη·

296 1226 492 1293 μερίδας
509 1228 619 1277 sive
643 1227 808 1277 diaria
825 1228 929 1277 suis
947 1227 1213 1277 annalibus
1234 1227 1370 1277 haud

300 1304 584 1356 convenire
620 1305 758 1355 Ann.
797 1318 923 1354 ¹111.
964 1309 1046 1354 sl.
1112 1306 1372 1355 Caeterum

301 1382 557 1445 imposuit
579 1381 912 1447 eloquentiss.
942 1383 1052 1432 viro
1082 1382 1373 1433 titulns‘co-

304 1458 441 1508 dicis
462 1459 655 1525 Veneti
669 1458 905 1508 actionum
926 1460 1237 1509 diurnalium.
1273 1458 1376 1507 Ve-

303 1550 420 1587 mm
445 1537 530 1586 cui
569 1537 905 1601 credendum,
937 1538 1117 1587 Tacito
1148 1551 1214 1586 an
1252 1536 1375 1587 scri·

303 1612 428 1663 bae?
458 1613 549 1662 sed
573 1627 794 1679 quonam
822 1614 877 1663 in
912 1614 1029 1663 loco
1052 1613 1268 1663 Tacitus
1292 1612 1377 1677 (ut

304 1690 354 1740 is
378 1686 477 1753 ait)
498 1704 614 1739 suas
651 1688 927 1754 ἐφημερίδας
961 1690 1234 1740 contendit
1255 1703 1373 1739 cum

304 1765 597 1828 annaiibus‚
618 1779 807 1832 easque
828 1782 939 1831 prae
972 1766 1075 1816 illis
1097 1766 1256 1816 habet
1271 1780 1374 1830 pso

306 1842 611 1907 despectis?
644 1857 747 1893 nou
767 1850 911 1893 certe
933 1844 1037 1905 hic,
1056 1846 1156 1893 διο.
1198 1843 1377 1892 Scien-

303 1919 433 1970 dum
470 1928 553 1970 est
585 1922 766 1985 etiam,
805 1912 1151 1986 dialogistam,
1171 1919 1238 1971 de
1274 1935 1376 1986 quo

305 1996 458 2046 nobis
480 1997 641 2047 verba
663 2005 802 2061 sunt,
839 1998 1131 2062 disparasse
1160 1998 1379 2062 scripto.

305 2090 412 2139 res,
467 2076 555 2140 qui
602 2077 828 2140 plurium
883 2078 1148 2129 nationum
1201 2080 1379 2143 plures

304 2152 541 2202 actiones
578 2152 835 2216 scribunt,
867 2153 931 2204 ab
963 2155 1044 2220 iis,
1068 2154 1252 2218 quibus
1275 2171 1380 2206 una

308 2227 461 2277 unius
480 2227 647 2292 gentis
669 2229 995 2295 contexitur:
1033 2228 1381 2295 posteriorum

307 2298 701 2357 lucubrationes
721 2306 1052 2360 historiarum
1074 2308 1222 2370 dicit,
1245 2310 1380 2375 prio-

311 2372 451 2449 rum}
471 2397 761 2446 sermonen
797 2387 1023 2451 exempli
1059 2388 1246 2451 gratia,
1273 2386 1381 2437 He·

312 2459 532 2525 rodotus
576 2460 628 2511 ei
669 2476 986 2528 sermonum,
1045 2463 1382 2529 Thucydides

309 2530 545 2587 historias
579 2539 805 2604 scriptor
847 2547 942 2592 est.
1006 2542 1095 2591 De
1131 2541 1231 2591 hoc
1265 2555 1382 2591 cum

313 2627 379 2664 eo
404 2614 529 2664 mihi
565 2617 827 2676 convenit,
850 2623 906 2668 at
942 2632 1047 2668 non
1084 2615 1240 2668 facile
1263 2633 1384 2669 con·

313 2691 564 2742 cesserim
597 2692 834 2744 historias
871 2694 1131 2749 Herodoti
1155 2708 1387 2745 sermones

315 2769 607 2835 appellariz
680 2786 801 2821 nam
845 2772 889 2821 si
933 2787 1000 2822 ex
1045 2759 1383 2838 inscriptione

314 2861 433 2898 rem
456 2847 714 2913 metimur,
733 2849 807 2899 nil
826 2849 1007 2913 habet,
1045 2866 1147 2916 quo
1188 2866 1244 2902 se
1274 2866 1385 2901 mu·

312 2923 452 2975 niat.
483 2923 735 2988 Ἡροδότου
763 2926 1166 2992 Ἁλικαρνασσέως
1187 2926 1387 2993 ἱστορίαι

298 3002 407 3052 'vel
441 3001 698 3067 ’Ἡροδότου
729 3006 816 3053 τοῦ
829 3003 1233 3070 Ἁλικαρνασσέως
1258 3006 1388 3056 ἱστο-

316 3080 430 3143 ριῶν
472 3076 613 3142 λόγοι
665 3078 725 3144 θ’,
771 3080 1135 3147 ἐπιγραφόμενοι
1181 3084 1386 3134 Μοῦσαι.

317 3154 536 3209 Etenim
568 3153 719 3220 λόγος
750 3155 824 3207 ibi
853 3160 927 3208 nil
951 3160 1089 3209 aliud
1111 3159 1390 3224 significat,

319 3246 478 3298 quam
495 3232 686 3298 librum,
703 3239 761 3284 ut
778 3235 901 3285 κατὰ
909 3235 994 3286 τὸν
1006 3233 1206 3299 ἕβδομον
1221 3236 1390 3299 λόγον,

318 3310 357 3361 i.
403 3309 541 3360 libro
585 3312 823 3376 septimo.
896 3314 1015 3364 Nec
1060 3314 1111 3364 ei
1156 3315 1391 3380 prodest,

320 3387 466 3454 quod
479 3386 808 3453 Thucydides
831 3404 1007 3440 omnes
1027 3396 1148 3441 ante
1171 3406 1228 3442 se
1251 3391 1394 3441 dixe·

322 3465 395 3515 rit
417 3461 770 3530 λογογράφους,
803 3482 905 3517 uon
941 3465 1241 3532 λογοποιοὺς,
1274 3466 1396 3533 quia

323 3550 607 3608 utrumque
629 3556 814 3594 nomen
851 3551 934 3594 est
966 3545 1224 3595 historicis
1256 3559 1396 3596 com-

324 3632 502 3683 mune,
519 3623 575 3668 et
598 3627 815 3685 utroque
832 3621 1199 3671 discernuntur
1220 3635 1251 3671 a
1273 3619 1396 3685 poe-

327 3692 448 3749 tis.‘
509 3697 626 3747 Nec
662 3698 752 3748 ille
791 3699 1099 3768 alioversum
1150 3713 1213 3748 ea
1244 3698 1397 3762 dixit,

305 3792 486 3845 ‘quam
521 3784 580 3827 ut
622 3778 926 3842 suggillaret
964 3780 1268 3843 scriptores,
1305 3777 1398 3843 qui

325 3853 533 3905 fabulas
555 3854 780 3903 historiis
800 3854 1111 3907 inserebant.
1144 3855 1246 3906 Sed
1269 3855 1397 3920 quid

326 3946 452 3983 usus
494 3932 836 3982 velitatione?
906 3932 1027 3987 audi
1069 3934 1289 3983 eundem
1330 3932 1396 3982 de

326 4011 435 4061 suis
461 4011 700 4074 scriptis:
733 4009 984 4074 Ἡροδότου
1001 4009 1401 4076 Ἀλικαρνασσήος

328 4088 540 4153 ἱστορίης
570 4088 778 4152 ἀπόδεξις
805 4090 904 4149 ᾖδε.
972 4092 1294 4141 Postremum
1333 4103 1399 4138 ne

330 4165 460 4232 qnid
502 4165 834 4231 dissimulem,
857 4177 940 4217 est
976 4167 1097 4218 alibi
1126 4166 1401 4217 Herodoto

329 4242 536 4296 mentio
578 4242 740 4308 λόγων
790 4246 1062 4311 Ἀσρνρίωη
1126 4255 1182 4297 et
1242 4244 1403 4306 λόγων

331 4326 568 4385 Λιβυκῶν.
619 4304 725 4376 Sed
745 4340 810 4378 eo
825 4325 1118 4391 significatu
1136 4340 1239 4392 quo
1262 4327 1404 4390 apud

1429 314 1993 443 msrrdmind'n.
2326 374 2501 445 Μ

1431 536 1655 587 Latinos
1674 536 1884 597 dicitur.
1937 535 2051 587 Liv,
2086 535 2123 586 l.
2154 547 2317 587 xxix.
2347 534 2365 562 ‘
2386 535 2506 594 Clo.-

1439 613 1557 663 dius
1599 614 1839 667 Licinius·
1866 615 1920 662 in
1952 614 2089 663 libro
2137 611 2294 662 tertio
2332 625 2503 669 rerum

1429 689 1571 752 Ro‘m
1590 690 1830 740 ‘narum-3
1855 688 1993 755 quod
2013 690 2079 738 ab
2105 686 2539 743 Hebroeisfflaud³

1408 779 1414 786 ·
1440 761 1554 816 (1ιῶ
1612 765 1910 830 «profectum
1929 770 2025 816 est.
2063 764 2279 814 Hieron.
2306 764 2357 812 in
2375 763 2510 827 Pro,-

1441 845 1546 908 log.
1568 845 1756 908 galeat.
1789 844 1805 871 ⁴
1830 841 2010 892 Verba
2032 841 2141 891 sive
2174 854 2258 891 res
2285 840 2505 893 dierum.

1442 921 1596 975 Quod
1628 918 2005 983 significantius
2034 917 2308 979 chronicon
2344 916 2506 979 totius

1441 983 1876 1049 divinaeliistoriae
1912 1009 2184 1077 possumus
2203 967 2521 1074 aprgffi'
2536 1008 2591 1069 'st'

1433 1075 1724 1127 Salinerius.
2476 1096 2487 1125 ε

1512 1152 1611 1210 Qui
1627 1153 1893 1217 plerumque
1903 1149 2108 1210 fortuiti
2128 1147 2262 1214 sunt]
2276 1208 2281 1212 ⁶
2295 1146 2519 1207 Nullum

1443 1212 1546 1296 hic,
1578 1246 1693 1282 meo
1729 1229 1950 1295 judicio,
1986 1230 2134 1279 ulcus
2161 1233 2388 1285 tectum
2424 1237 2514 1276 ne·
2583 1212 2599 1225 ”

1446 1309 1568 1359 dum
1589 1315 1648 1360 ut
1672 1308 1896 1359 immissa
1928 1305 2202 1370 negatione
2237 1302 2398 1354 scribi
2427 1291 2517 1360 dc}-

1445 1386 1595 1447 beat3
1623 1385 1749 1434 nihil
1776 1384 1912 1434 enim
1933 1381 2260 1446 longinquius
2285 1393 2316 1428 a
2336 1382 2512 1441 mente

1435 1462 1708 1512 auctoris:
1764 1476 1883 1527 qnae
1926 1459 2058 1520 vult,
2103 1471 2170 1506 ex
2211 1455 2418 1506 casibus
2458 1458 2517 1503 et

1426 1544 1640 1603 {ventu
1678 1553 1851 1589 rerum
1900 1551 2006 1587 non
2050 1533 2254 1600 adquiri
2290 1531 2527 1601 prudeus-j

1429 1617 1577 1685 ‚tiam
1615 1617 1852 1676 civilem;
1885 1628 2012 1679 *cum
2051 1627 2114 1662 ea
2149 1610 2262 1660 fere
2294 1621 2398 1659 non
2434 1619 2519 1672 rq-

1447 1684 1743 1757 spondeant
1765 1690 2050 1742 rationibus
2073 1688 2179 1739 suis
2201 1701 2264 1738 ac
2287 1684 2479 1736 caussis
2494 1682 2553 1745 ς’*

1449 1784 1616 1835 eaque
1668 1774 1887 1834 propter
1930 1768 2069 1832 ipsas
2112 1765 2244 1846 ,illas
2287 1761 2518 1813 curatius
2610 1798 2619 1813 .

1452 1845 1839 1912 persequendas
1876 1842 2159 1894 historico:
2193 1840 2391 1905 hocque
2420 1842 2522 1905 cst,

1451 1925 1591 1988 quod
1630 1924 1820 1973 iterum
1863 1921 2094 1971 inculcat
2131 1917 2272 1967 Anu.
2316 1928 2407 1966 nr.-
2435 1916 2518 1965 38.

1450 2006 1466 2030 ‘
1488 2001 1621 2052 Haec
1661 1997 1896 2064 conquiri
1927 1995 2169 2067 tradique
2188 1993 2242 2042 in
2267 2005 2377 2042 rem
2407 1988 2521 2039 fue·

1455 2076 1553 2142 rit,„'
1576 2082 1676 2127 διο.
1745 2075 1882 2124 Hinc
1899 2071 2165 2123 excusatio
2181 2069 2261 2119 M.
2285 2065 2524 2132 Terentii

1451 2153 1594 2218 apud
1628 2150 1850 2203 eundem
1894 2147 2031 2210 Anu.
2071 2148 2108 2197 l.
2132 2160 2210 2196 vr.
2245 2145 2261 2174 ‘
2285 2145 2407 2195 Non
2442 2146 2525 2192 est

1454 2236 1687 2280 nostrum
1715 2226 1994 2288 aestimare,
2017 2237 2170 2289 quem
2195 2235 2352 2288 supra
2367 2225 2525 2277 caete-

1454 2322 1542 2357 ros
1588 2312 1645 2357 ct
1688 2304 1877 2371 quibus
1919 2301 1986 2353 de
2029 2277 2225 2351 cassssis
2263 2293 2523 2348 extollas!

1455 2383 1590 2435 Inde
1635 2385 1793 2434 etiam
1839 2372 2068 2432 secui-ius
2113 2380 2301 2442 gravat
2340 2374 2525 2424 Sueto-

1456 2462 1598 2513 nium
1636 2460 1807 2513 Julius
1838 2456 2190 2515 Cassiciauus;
2208 2453 2244 2519 f
2266 2451 2412 2516 cujus
2436 2449 2524 2499 ad·

1458 2557 1628 2605 versa,
1652 2537 1905 2605 pravitati
1936 2536 2130 2600 ipsius3
2170 2542 2437 2598 prospera,
2458 2525 2526 2576 ad

1458 2619 1722 2670 fortunam
1761 2614 1893 2679 reip.
1938 2605 2235 2670 referebat‚’
2271 2610 2328 2655 ut
2359 2602 2526 2668 loqui·

1458 2702 1547 2747 tur
1584 2698 1765 2744 noster
1805 2689 1942 2742 Anu.
1976 2701 2094 2739 xxv.
2117 2688 2200 2737 38.
2265 2679 2524 2747 Egregius

1459 2774 1605 2823 locus
1626 2777 1708 2820 est
1729 2768 1849 2819 Val-
1888 2763 2109 2816 Maximi
2139 2775 2224 2813 ιιι.
2252 2764 2302 2811 8.
2337 2758 2529 2809 ‘Blan-

1459 2852 1585 2903 dum
1623 2850 1847 2901 animum
1887 2858 2011 2895 sane
2055 2837 2341 2893 temeritati
2379 2847 2529 2886 casus

1442 2928 1612 2993 ⁸facit,
1656 2926 1743 2978 ubi
1784 2936 1951 2990 pravo
2006 2918 2221 2971 consilio
2274 2912 2531 2980 propitius

1461 3006 1729 3071 adspirat5
1771 3007 1829 3052 et
1881 3015 1982 3066 quo
2036 2992 2395 3047 vehementius
2439 3003 2531 3039 no·

1464 3093 1603 3151 ceat,
1644 3081 1953 3147 insperatius
1995 3073 2248 3144 prodest.'
2294 3072 2399 3121 .Et
2431 3069 2533 3156 hof

1464 3168 1757 3230 spectatum
1780 3159 1939 3210 etiam
1958 3153 2121 3205 fuisse
2142 3148 2336 3210 Paenis,
2361 3143 2533 3211 prodi·

1465 3250 1576 3294 tum
1598 3239 1767 3291 eidem
1786 3233 1998 3286 Valerio
2021 3245 2085 3282 n.
2109 3234 2159 3280 8.
2198 3227 2394 3276 Verum
2416 3223 2531 3271 haec

1465 3315 1779 3371 reservanda
1822 3318 1973 3362 eraut
2026 3303 2282 3358 Diatribis
2322 3297 2533 3361 nostris,

1467 3391 1879 3461 exspatiantibus
1923 3399 2078 3439 cursu
2117 3378 2313 3431 effreno
2343 3375 2410 3425 ad
2442 3373 2533 3423 illa

1468 3471 1698 3525 Cornelii
1719 3469 1862 3519 Hist.
1887 3479 1950 3516 11.
1971 3467 2055 3513 25.
2086 3459 2103 3488 ‘
2128 3459 2415 3510 Cunctator
2442 3464 2535 3539 na-

1468 3556 1590 3600 tura
1623 3544 1919 3607 Suetonius,
1949 3546 2008 3590 et
2043 3538 2129 3589 cui
2173 3538 2328 3583 cauta
2360 3534 2535 3596 potius

1470 3624 1689 3677 consilia
1708 3636 1825 3673 cum
1863 3619 2085 3678 ratione,
2106 3625 2260 3678 quam
2284 3618 2536 3690 prospera

1471 3719 1540 3754 ex
1560 3699 1720 3754 casu!
1759 3699 2014 3751 Gruterus.
2051 3691 2170 3742 Hoc
2193 3693 2291 3749 est,
2311 3684 2534 3735 fortuna

1470 3764 1689 3829 arbitrio
1707 3776 1840 3826 bene
1860 3772 1944 3824 vel
1964 3769 2096 3819 male
2120 3762 2420 3817 succedunt.
2453 3757 2538 3809 Ex

1471 3856 1537 3906 iis
1558 3869 1679 3917 ergo
1691 3849 1920 3918 judicari
1941 3861 2041 3897 non
2067 3847 2281 3909 possunt
2307 3833 2539 3921 consilia,

1474 3932 1569 3983 sed
1591 3932 1645 3979 in
1678 3930 1754 3978 his
1771 3942 1887 3976 cum
1923 3921 2190 3988 praecipua
2208 3916 2284 3965 vis
2305 3914 2373 3963 sit
2396 3908 2540 3999 Poli-

1475 4016 1599 4064 ticae
1621 4005 1928 4076 prudentiae,
1950 4015 2103 4066 quam
2130 3994 2352 4046 maxime
2374 3986 2539 4055 tradit

1473 4091 1560 4138 hic
1584 4094 1785 4147 auctor,
1808 4081 2034 4134 rationes
2053 4075 2208 4125 etiam
2232 4071 2390 4141 atque
2413 4078 2536 4116 cau·

1474 4182 1558 4218 sas
1591 4177 1761 4214 rerum
1799 4155 2132 4223 exponendas
2153 4149 2254 4201 sibi
2281 4142 2503 4197 credidit
2520 4156 2539 4191 ε

1475 4244 1672 4295 nullum
1693 4252 1819 4304 ergo
1854 4236 1941 4285 hic
1980 4232 2124 4282 ulcus
2147 4235 2415 4291 agnoscam
2437 4231 2539 4268 nec

1476 4324 1647 4387 legam
1680 4331 1799 4370 cum
1829 4313 1944 4365 viro
1965 4307 2179 4361 doctiss.
2216 4301 2300 4370 qai
2330 4300 2538 4368 plerum·
