3009 4942
477 537 619 588 ribus
650 537 841 589 nostris
878 536 1004 588 vitia
1041 536 1264 588 ridemus
1286 536 1536 602 nobisque

475 614 785 681 blandimur,
818 622 873 664 et
911 623 1301 679 corrumpentes
1339 629 1401 664 ac
1425 629 1536 665 cor·

478 694 636 755 rupti,
680 691 1005 756 decipientes
1052 692 1176 741 alios
1218 706 1280 740 ac
1319 692 1538 741 circnm-

478 769 785 828 scribentes‚
819 769 1023 832 culpam
1070 769 1119 816 in
1154 768 1386 819 seculum
1422 767 1538 830 reji-

479 843 659 895 cimus.
731 845 912 895 Codex
937 845 1070 897 alter
1092 843 1337 908 habebat,
1372 860 1535 894 vocan-

477 926 576 970 tur.
634 921 927 971 Rhenanus.
995 919 1059 971 Id
1104 927 1207 984 est,
1248 922 1541 971 communia

480 1010 542 1046 ac
567 998 834 1061 reciproca
868 999 1014 1059 vitia,
1050 1005 1308 1061 praetextu
1348 1000 1541 1060 saeculi,

478 1086 584 1121 non
621 1073 1021 1133 excusabuntur,
1066 1073 1187 1138 qnia
1229 1074 1366 1138 apud
1413 1073 1542 1124 Ger·

479 1162 659 1197 manos
682 1149 927 1197 saeculum
946 1162 1009 1203 ea
1025 1164 1125 1199 non
1151 1148 1374 1200 ferebat.
1401 1149 1543 1201 Ann.

481 1224 574 1275 lib.
608 1238 725 1276 xlv.
748 1227 847 1279 ‘ut
879 1226 1022 1290 ,quod
1045 1242 1253 1291 usquam
1278 1227 1543 1290 corrumpi

479 1308 539 1353 et
580 1316 913 1366 corrumpere
937 1311 1115 1368 queat,
1157 1305 1209 1353 in
1247 1303 1375 1353 urbe
1412 1305 1544 1355 visa·

485 1378 603 1431 tur.’
666 1380 865 1431 Seneca
909 1380 1061 1437 Cont.
1102 1380 1192 1429 lib.
1234 1394 1290 1431 x.
1366 1380 1382 1408 ‘
1423 1381 1542 1430 Hoc

482 1470 693 1521 genere,
717 1456 892 1507 saeculi
935 1457 1082 1519 vitio,
1118 1457 1330 1522 egregia
1362 1457 1546 1522 figura,

482 1531 806 1598 inquinatum
849 1539 916 1605 et·
947 1533 1190 1584 infamem
1238 1549 1401 1598 reum,
1439 1550 1547 1585 ma-

477 1608 654 1673 jorum
700 1609 968 1658 criminum
1013 1610 1321 1674 impunitate
1366 1608 1545 1663 defen-

484 1683 599 1734 dit!
665 1685 895 1735 Pie-hena.
963 1687 1112 1739 Cum.
1137 1688 1277 1748 vitia,
1307 1702 1423 1738 -non
1466 1702 1546 1737 se·

485 1761 623 1823 culo,
645 1763 736 1811 sed
760 1763 985 1813 moribus
1017 1764 1273 1812 hominum
1310 1765 1417 1815 sint
1453 1765 1547 1814 tri-

483 1836 712 1897 buenda,
729 1845 786 1887 ut
806 1847 982 1888 monet
1006 1841 1204 1903 sophus
1222 1841 1547 1904 gravissime.

482 1914 556 1965 Et
597 1915 829 1966 Maniai.
871 1915 922 1965 in
966 1917 1333 1967 Caecilianum:
1385 1919 1401 1946 ‘
1427 1919 1547 1981 Non

484 1992 650 2041 nostri
693 1988 915 2055 faciunt,
961 2000 1053 2042 tua
1095 1994 1232 2058 quod
1279 1994 1378 2045 tibi
1421 2001 1548 2045 tem-

484 2082 615 2131 pora
636 2068 866 2132 sordent,
886 2069 989 2119 Sed
1017 2068 1217 2121 faciunt
1243 2086 1411 2121 mores
1434 2071 1548 2121 Coe-

487 2143 674 2194 ciliane
698 2145 807 2196 tui!
873 2148 1084 2199 ederus.

550 2221 786 2272 Saeeulum
821 2223 1037 2288 matur]
1104 2226 1295 2277 Gravis
1316 2231 1373 2277 et
1395 2231 1552 2277 acuta

487 2301 767 2353 sententia.
831 2302 1031 2352 Seneca
1072 2303 1340 2353 similiter:
1393 2304 1409 2334 ‘
1440 2305 1550 2354 De·

485 2375 609 2426 sinit
653 2391 767 2426 esse
809 2377 1038 2429 remedio
1095 2380 1261 2443 locus,
1304 2380 1394 2430 ubi
1431 2395 1550 2445 quae

486 2449 695 2502 fuerant
718 2452 862 2515 vitia,
886 2468 1053 2504 mores
1075 2460 1230 2505 sunt)
1274 2457 1481 2520 Lipsius.

561 2531 717 2580 Unum
738 2532 924 2595 corpas]
990 2532 1259 2584 Quomodo
1281 2542 1338 2584 et
1360 2549 1417 2583 re
1437 2534 1553 2598 ipsa

492 2607 773 2671 accipiunt.
841 2610 1148 2661 Musonius:
1197 2611 1295 2661 τισὶ
1337 2610 1389 2661 δὲ
1423 2609 1553 2662 νενό-

485 2702 652 2748 μισται
674 2687 803 2737 κοινὰ
825 2685 941 2737 εἶναι
970 2686 1126 2738 πάντα
1146 2688 1227 2738 καὶ
1256 2688 1453 2750 σώματα
1473 2689 1554 2739 καὶ

487 2763 647 2829 ψυχὰς
688 2763 766 2813 καὶ
798 2763 1039 2829 χρίματα,
1098 2766 1228 2826 πλὴν
1275 2766 1440 2832 ἀνδρὸς
1474 2767 1555 2818 καὶ

489 2838 725 2901 γυναικός.
794 2843 1004 2894 Colerus.

559 2917 639 2966 Ne
676 2923 898 2980 tanquam
929 2919 1178 2983 maritam]
1242 2920 1328 2971 Ita
1364 2922 1416 2970 in
1449 2935 1556 2970 om·

492 2993 644 3043 nibus
689 2995 1066 3059 antiquioribus
1105 2997 1276 3048 editis.
1341 3000 1411 3048 Et
1433 3013 1555 3063 quo-

491 3069 627 3118 niam
652 3071 881 3119 nonnulli
910 3087 979 3122 ex
1016 3074 1309 3123 recentibus
1342 3072 1556 3137 habent,

492 3152 791 3210 utinquam
813 3149 1048 3213 meritum,
1070 3163 1186 3215 ego,
1224 3158 1282 3200 ut
1315 3150 1553 3202 manifes-

493 3229 603 3273 tum
651 3225 1089 3288 typographorum
1144 3241 1375 3277 errorem
1432 3230 1553 3293 reji-

489 3299 711 3352 ciebam.
774 3301 877 3350 Sed
923 3316 1041 3352 cum
1073 3303 1127 3353 in
1150 3304 1425 3367 postremis
1447 3305 1555 3354 edi·

492 3375 738 3441 tionibus,
770 3378 952 3431 eadem
993 3394 1115 3443 vox,
1149 3381 1392 3443 mer-itum,
1428 3381 1554 3431 reti-

493 3458 698 3514 neatur,
754 3455 1047 3518 suspicatus
1093 3471 1223 3518 sum,
1279 3472 1393 3506 eam
1451 3456 1555 3506 foi·-

494 3536 631 3579 tasse
670 3530 846 3593 Lipsio
883 3531 1107 3594 probari.
1173 3535 1285 3597 Ego
1319 3542 1493 3583 tamen
1523 3549 1556 3584 a

493 3607 667 3671 prisca
690 3608 912 3659 lectione
957 3625 1058 3659 non
1096 3612 1308 3661 avellor.
1361 3611 1553 3661 Sensus

494 3686 608 3731 est:
678 3682 882 3732 Uxores
943 3685 1323 3737 matrimonium
1382 3688 1555 3750 potius

492 3773 645 3824 quam
677 3761 919 3809 maritum
954 3774 1144 3810 amare.
1200 3761 1377 3810 Simile
1413 3762 1558 3826 quid-

495 3838 612 3890 dam
637 3841 688 3888 in
711 3838 888 3904 Agric.
912 3854 1077 3904 prope
1098 3837 1286 3889 finem:
1322 3842 1337 3867 ‘
1355 3839 1418 3890 Id
1435 3841 1555 3891 filiae

497 3929 702 3980 quoque
767 3915 1016 3980 uxorique
1073 3915 1431 3979 praeceperim,
1481 3914 1556 3967 sic

498 3993 681 4058 patris,
702 3992 775 4042 sic
798 3992 969 4042 mariti
986 3993 1282 4042 memoriam
1301 3993 1560 4058 venerari,

497 4074 559 4117 ut
593 4062 762 4116 omnia
790 4065 936 4118 facta
968 4068 1212 4134 dictaque
1236 4068 1350 4132 ejus
1381 4084 1556 4119 secum

499 4144 789 4205 revolvant,
847 4142 1139 4209 famamque
1209 4160 1271 4195 ac
1339 4144 1558 4211 figuram

503 4216 658 4266 animi
685 4219 847 4283 magis
869 4234 1021 4295 quain
1052 4221 1282 4285 corporis
1299 4224 1560 4287 complec-

507 4293 716 4345 tantur?
783 4294 1022 4346 Plinius
995 4311 1178 4362 Jumor
1198 4298 1352 4364 epist.
1374 4306 1453 4351 iv.
1477 4302 1558 4352 19.

429 4560 802 4887 *a

1166 394 1385 444 NOTAE
1434 393 1841 443 vsluolwu
1894 393 1976 442 m

1614 535 1679 585 de
1701 551 1861 586 uxore
1884 537 2135 601 loquens:
2191 530 2511 585 ‘nonenim
2542 536 2676 583 seta·

1614 622 1721 663 tem
1752 628 1938 673 meam,
1973 622 2065 663 aut
2098 627 2308 677 corpus,
2344 625 2463 675 quae
2501 611 2675 673 paula*

1615 693 1707 742 tim
1741 691 1988 741 occidunt
2032 706 2095 741 ae
2132 682 2548 761 senescant‚,sed
2571 689 2676 752 gio·

1614 770 1745 818 riam
1786 768 1994 832 diligit!
2052 768 2279 817 Pictam.
2347 768 2517 819 Quem
2564 776 2676 815 sou-

1615 861 1727 895 sum
1762 846 1844 894 bic
1891 844 2015 894 facit
2056 845 2178 894 illud
2214 839 2467 893 marm?
2535 842 2676 904 Lego

1614 923 1856 975 maritum
1926 920 2099 970 Editio
2138 917 2371 983 quadam
2414 916 2584 980 Lipsii
2600 917 2679 965 sid

1614 999 1811 1064 liquide
1831 998 2005 1049 babet.
2074 997 2339 1056 Maritum,
2360 996 2549 1060 inquit,
2578 1007 2679 1053 non

1614 1083 1791 1131 amant
1838 1082 2081 1140 tanquam
2124 1074 2385 1134 maritum,
2434 1071 2531 1119 sed
2568 1076 2679 1119 tan·-

1617 1169 1769 1219 quam
1864 1147 2074 1221 ipsum]
2132 1150 2565 1212 matrimonium,-
2619 1152 2680 1197 ut

1618 1231 1820 1299 quibus,
1858 1230 2046 1280 marito
2098 1230 2197 1279 hoc
2264 1226 2539 1287 defuncto,
2576 1237 2684 1274 ma·-
2746 1288 2749 1289 ⁷

1618 1307 1909 1358 trimonium
1984 1309 2125 1357 ultra
2211 1306 2406 1354 nullum
2471 1315 2682 1366 sperati,-

1619 1383 1760 1434 dum.
1817 1384 2078 1435 Acidaliae.
2145 1384 2280 1430 Sana
2322 1380 2586 1442 scriptura
2626 1382 2681 1427 et

1618 1461 1853 1510 meritoa
1896 1460 2129 1511 Picbena
2166 1456 2448 1508 vindicata.
2514 1454 2681 1519 Cujus

1620 1536 1774 1585 dictis
1815 1545 1869 1584 et
1911 1536 2006 1585 hoc
2046 1530 2683 1594 accedit.Antipatri,„ex

1620 1612 1984 1662 dissertatione
2020 1611 2182 1674 ipsius
2220 1609 2472 1674 nuptiali:
2507 1605 2560 1656 ai
2593 1604 2686 1668 niv

1618 1688 1713 1752 γὰρ
1755 1685 1904 1736 ἄλλαι
1942 1685 2188 1752 κανονίαι,
2220 1686 2302 1736 καὶ
2348 1683 2515 1748 ἑτέρας
2556 1683 2685 1735 τινὰ

1619 1766 1921 1831 &rumpam
1960 1764 2144 1828 ἔχουσι·
2189 1764 2367 1815 ramus
2408 1762 2462 1812 δὲ
2498 1761 2685 1825 ἀνάγκη

1619 1844 1733 1909 πρὸς
1751 1844 1862 1906 μίαν
1882 1843 2038 1908 ψυχὴν
2061 1842 2259 1893 Βλέπων
2286 1841 2376 1901 τὴν
2397 1842 2487 1890 τοῦ
2506 1839 2687 1905 ἀνδρός.

1624 1922 1693 1971 Et
1740 1920 2206 1986 elegantissimum
2221 1917 2349 1969 illud
2402 1915 2684 1966 Phocionis

1621 1997 1854 2048 dictum.
1910 1996 1967 2046 οὗ
2003 1994 2199 2058 δύναμαι
2235 1998 2299 2062 ηἳ
2337 1995 2460 2059 aio-riu*
2500 1993 2582 2043 καὶ
2625 1992 2688 2043 ὃς

1619 2074 1810 2140 γαμετῇ
1845 2073 1923 2123 καὶ
1977 2073 2039 2123 ὥς
2084 2070 2222 2138 ἑτέρᾳ
2258 2074 2481 2122 συνεῖναι.
2552 2072 2685 2123 Qun

1621 2167 1746 2203 vero
1788 2166 1936 2201 secus
1969 2150 2186 2214 faciunt,
2224 2151 2327 2200 iuae
2359 2157 2420 2200 ut
2458 2142 2686 2198 Themis·
2722 2168 2735 2181 ·

1625 2231 1726 2281 tius
1748 2230 1846 2295 ait,
1865 2229 2158 2279 συνοικοῦσιν
2184 2227 2240 2276 οὐ
2277 2227 2557 2288 συμβιοῦσιν
2575 2240 2681 2275 ma-

1624 2307 1736 2358 ritis
1773 2307 1894 2357 suis.
1946 2306 2156 2354 Cotem.
2218 2303 2579 2368 'transpositae
2601 2315 2687 2351 vo-

1625 2397 1712 2433 ces
1747 2379 1983 2432 efficiunt
2014 2395 2084 2430 ne
2116 2370 2231 2429 'sani
2266 2379 2391 2444 quid
2425 2380 2545 2428 binc
2569 2377 2686 2427 elici

1625 2459 1809 2525 possit.
1868 2457 1945 2508 At
1985 2463 2184 2508 rectum
2228 2463 2285 2506 et
2326 2462 2538 2505 acutum
2587 2455 2685 2504 hoo

1624 2536 1810 2587 modo:
1842 2550 1901 2584 ne
1942 2539 2166 2597 tanquan·
2198 2532 2571 2593 marimum,
2605 2531 2688 2580 sed

1624 2619 1850 2676 tanquam
1886 2610 2109 2660 maritum
2137 2614 2312 2659 ament.
2378 2607 2685 2657 Interdictae

1623 2694 1779 2739 erant
1817 2686 1957 2751 apud
1992 2684 2238 2750 quosdam
2274 2684 2572 2735 Germanos
2608 2697 2687 2732 re-

1626 2767 1774 2830 gulos
1808 2763 2047 2815 secundae
2083 2762 2300 2826 nuptias,
2335 2767 2398 2811 ut
2428 2760 2688 2810 discerent

1624 2841 1866 2891 mulieres
1904 2839 2199 2903 conjugium
2242 2850 2415 2886 amare
2450 2836 2701 2923 conjugis-

1626 2931 1798 2988 eausa,
1817 2929 1922 2965 non
1957 2913 2233 2977 conjugem
2265 2911 2496 2976 conjugii
2518 2925 2690 2975 cansa,

1627 2993 1736 3043 sive
1759 2999 1817 3042 ut
1838 3005 2067 3056 personae
2086 3004 2188 3040 non
2202 2990 2278 3039 rei
2301 2987 2524 3040 affectus
2547 3004 2689 3039 man-

1627 3071 1911 3134 ciparetur.
1981 3068 2201 3119 Grotius.

1693 3149 1953 3198 Numerum
1984 3146 2240 3195 liberorum
2244 3144 2421 3210 flucre]
2489 3145 2689 3195 Contra

1627 3241 1732 3289 eos,
1752 3226 1864 3290 {qui
1907 3224 2099 3273 liberos
2140 3229 2231 3272 ant
2271 3227 2561 3285 exponunt,
2597 3227 2691 3270 aut

1625 3308 1831 3363 necant,
1866 3300 2127 3352 invehitur
2162 3300 2467 3350 Lactantius
2509 3299 2692 3348 Firmi·

1627 3395 1756 3430 anus
1791 3394 1866 3429 VI.
1905 3383 1987 3428 20.
2038 3362 2228 3444 Atque
2264 3377 2328 3425 iis
2377 3376 2467 3442 qui
2512 3376 2692 3440 hujus-

1626 3450 1765 3506 modi
1805 3456 2147 3520 impietatem,
2189 3454 2256 3505 ob
2301 3454 2569 3516 angustias
2614 3450 2690 3502 rei

1625 3534 1892 3587 familiaris
1932 3538 2205 3619 excusant,
2258 3529 2562 3592 respondet,
2614 3544 2694 3580 sa

1627 3611 1732 3661 tius
1750 3625 1862 3660 esse
1907 3609 1974 3658 ab
2014 3607 2187 3657 uxoris
2231 3607 2598 3671 congressione
2634 3622 2691 3657 se

1628 3687 1913 3759 continere,
1947 3699 2098 3750 quam
2146 3683 2419 3753 sceleratis
2453 3681 2692 3734 manibus

1630 3754 1791 3826 opera
1848 3761 1952 3810 Dei
2006 3773 2357 3822 corrumpere.
2424 3758 2510 3809 Ad
2555 3760 2692 3811 hune

1630 3854 1824 3889 morem
1846 3839 2012 3888 multa
2047 3837 2346 3888 doctissime
2368 3835 2533 3887 tradit
2570 3837 2692 3902 Lip-

1631 3914 1734 3965 sius
1774 3915 1926 3979 epist.
1963 3918 2042 3963 85.
2093 3920 2231 3963 cent.
2251 3917 2334 3962 10.
2379 3911 2446 3963 ad
2484 3913 2698 3977 Belgas,

1631 4007 1786 4058 quam
1809 4005 1984 4057 operae
2009 3990 2235 4053 pretium
2274 3989 2379 4038 erit
2416 3989 2694 4054 inspicere.

1631 4071 1859 4120 Pichena.
1927 4068 2050 4118 Hoc
2079 4067 2211 4129 vult,
2244 4066 2445 4131 opinor,
2476 4067 2694 4117 Germa·

1631 4162 1723 4196 nos
1745 4147 1883 4197 nullo
1905 4146 2036 4210 legis
2075 4144 2291 4210 proemio
2325 4144 2598 4207 invitatos,
2629 4144 2694 4194 si·

1632 4231 1725 4276 eut
1747 4225 1987 4286 Romani,
2025 4229 2082 4273 et
2103 4223 2223 4273 solis
2240 4228 2439 4273 naturae
2468 4222 2691 4273 stimulis

1629 4300 1872 4352 incitatos
1895 4300 2084 4352 liberos
2106 4311 2376 4367 quau-eru
2409 4299 2550 4365 quod
2582 4299 2691 4365 qui-
