3009 4942
772 452 924 501 ms.
972 444 1019 499 ι.
1066 449 1231 499 cAP.
1273 432 1386 498 38.

1430 446 1990 499 nlsronmmm.
2318 422 2497 513 414?

286 595 358 647 ὠ
383 594 619 649 annuo
655 593 836 646 Athe-t.
901 594 1150 659 Suspicor
1183 597 1357 643 autem
1427 591 1682 654 xiphilin.
1728 597 1898 650 notat,
1936 590 2079 654 ἦγον,
2117 591 2355 658 estivosum,
2391 590 2497 642 tat·

285 684 410 723 oum
449 684 582 734 esse,
641 674 708 723 de
765 687 872 738 qno
903 672 1121 722 Tacitus
1163 669 1358 720 Annali

289 762 423 802 ΠΗ.
443 749 473 781 *
497 751 708 814 Lipsius.

291 844 302 851 *
365 829 433 876 Et
456 828 670 876 Cornelii
690 825 935 890 Marcelli]
992 825 1136 876 Libri
1174 821 1358 887 scripti

289 905 371 954 itu
387 905 677 968 appellant,
699 904 953 954 hominem
988 903 1089 952 alia
1124 903 1249 951 mihi
1282 903 1357 965 ig-

287 985 493 1030 adnm.
559 981 744 1030 Paullo
789 989 909 1046 post
955 980 1107 1030 Vettii
1145 969 1361 1029 Chilonis

289 1057 433 1122 lego,
451 1073 568 1107 cnm
592 1060 858 1108 Rlienano.
890 1059 1043 1108 Idem.

363 1136 574 1186 Cornelii
606 1138 828 1186 Marcelli
862 1137 917 1186 in
954 1134 1218 1199 Hispania]
1262 1135 1358 1184 Fa-

289 1217 438 1262 tetur
481 1213 702 1264 candide
725 1215 873 1278 Lips.
915 1214 1173 1262 hominem
1224 1212 1360 1260 hunc

261 1288 397 1357 ,alia
411 1288 526 1339 sibi·
555 1290 816 1354 ignotum:
851 1291 949 1341 boc
987 1287 1116 1340 facit
1153 1304 1360 1354 nempe,

289 1367 439 1433 qnod
460 1369 707 1417 memoria
745 1369 893 1418 nobis
922 1368 1133 1417 minime
1154 1368 1362 1416 immor-

291 1445 418 1495 tatis
437 1461 462 1505 3·
483 1459 603 1493 nam
630 1450 711 1494 est
744 1446 788 1494 is
816 1445 946 1510 ipse,
968 1446 1056 1509 qui
1075 1445 1363 1494 nominatus

290 1521 484 1571 ¹ffi'ncito
518 1522 647 1571 satis
683 1523 952 1581 vocaliter,
999 1521 1129 1571 Ann.
1169 1534 1287 1571 xvi.
1311 1524 1361 1569 8.

288 1596 307 1626 ‘
332 1598 699 1649 Trahebantur
732 1606 794 1648 nt
845 1599 1060 1657 conscii,
1092 1598 1366 1648 Vulcatius

290 1677 546 1747 fllnllinus,
580 1692 641 1726 ac
668 1677 947 1731 Marcellus
981 1677 1250 1728 Cornelius
1279 1677 1367 1725 Se·

294 1753 550 1814 nature&
574 1758 671 1804 ὅτε.
712 1754 968 1804 Gruterus.

361 1832 717 1881 Emit-hilonis
785 1833 840 1882 in
897 1831 1102 1894 Gallia]
1185 1828 1367 1880 Codex

293 1908 532 1961 Bndens.
588 1910 947 1960 Betvicltilonis.
1009 1910 1189 1970 Forte,
1216 1907 1368 1958 Vettii

296 1986 539 2036 Chilonis.
607 1988 900 2038 Rhenanus.
989 1988 1069 2037 Ex
1124 1987 1366 2051 opinione

295 2064 540 2113 Rhenani
575 2065 757 2114 melius
788 2065 944 2115 Vectii
971 2066 1202 2115 Chilonis.
1268 2066 1369 2115 Est

293 2140 438 2190 enim
477 2142 531 2191 in
568 2143 711 2204 regio
755 2143 905 2192 Betui
953 2143 1201 2194 Chilonis.-
1247 2157 1366 2208 quas

291 2232 403 2269 non
421 2220 505 2271 bic
528 2222 689 2270 solnm
713 2220 804 2270 sed
847 2228 901 2270 et
935 2221 1075 2286 apud
1099 2220 1367 2272 Caecilium

296 2299 639 2347 commutatio
662 2300 940 2349 *literarum
961 2305 1072 2349 est:
1108 2299 1196 2348 ubi
1215 2298 1258 2347 is
1281 2298 1368 2346 ha-

296 2373 396 2424 bet
437 2372 528 2423 lib.
563 2376 714 2438 epist.
737 2391 815 2425 vi.
841 2377 1012 2426 Bettio
1053 2375 1238 2438 Prisco,
1274 2388 1369 2439 pro

301 2449 493 2501 Fectio.
534 2453 859 2504 Vetti-anius.
914 2452 1369 2504 Evidentissimam

297 2529 541 2580 Rhenani
563 2533 935 2597 conjecturam,
968 2532 1142 2596 Lipsio
1165 2546 1370 2597 quoqne

296 2608 597 2672 probatam,
621 2611 671 2658 in
713 2615 915 2659 textum
950 2610 1135 2659 merito
1170 2610 1371 2673 recepi-

297 2700 420 2735 mus
441 2702 457 2735 τ
498 2692 612 2737 tota
634 2689 770 2737 enim
794 2689 931 2738 inest
953 2687 1134 2738 inistis
1156 2701 1371 2749 corrup-

299 2763 370 2814 tis
391 2752 920 2816 aliarum‘editionum
964 2764 1371 2816 Bernichiconisfl

300 2840 710 2894 rreinsnemius.

376 2917 584 2982 Vatinii,
622 2925 671 2968 et
715 2920 854 2984 Elii,
876 2927 924 2970 et
968 2920 1080 2985 alii]
1134 2922 1375 2985 Vulgatis

215 3054 222 3058 ἢ
297 2992 460 3044 tibris
479 3002 611 3056 erat,
633 3001 681 3045 et
717 2997 867 3059 Egit.-
898 2998 985 3061 qui
1020 2998 1142 3047 mihi
1166 2998 1373 3062 quidem

297 3070 443 3120 iuter
472 3074 796 3134 potentiores
820 3073 1033 3124 libertos
1070 3076 1374 3140 irrepertus.

302 3147 381 3198 At
427 3150 598 3199 Elium
643 3152 852 3201 invenio
892 3152 1080 3216 (Dioni
1127 3151 1377 3202 scribitur

295 3225 494 3292 Ἥλιος)
535 3229 622 3292 qui
667 3240 882 3293 magnus
921 3230 1061 3294 apud
1092 3231 1376 3291 Neronem,

301 3305 500 3369 quique
525 3303 750 3355 abeunte
788 3321 851 3355 eo
885 3306 939 3355 in
974 3307 1233 3356 Graeciam
1258 3321 1376 3357 can-

304 3381 558 3443 tillatnm,
585 3382 867 3445 praefectus
904 3385 1097 3434 mansit
1131 3383 1246 3433 urbi
1272 3384 1379 3433 Ro·

306 3470 429 3506 mae.
483 3459 578 3508 Est
613 3459 787 3522 isipse,
822 3461 887 3510 de
924 3477 1023 3526 quo
1040 3461 1262 3510 Tacitus
1284 3460 1377 3509 lib.

307 3546 441 3584 xnt.
489 3539 505 3565 ‘
548 3536 612 3585 P.
646 3539 799 3587 Celer
823 3553 981 3603 eques
1023 3538 1281 3587 Romanus
1326 3544 1379 3588 et

307 3612 459 3662 Elius
479 3613 712 3676 libertus,
756 3615 833 3664 rei
857 3615 1095 3665 familiari
1121 3616 1379 3678 Principis

307 3688 364 3738 in
414 3686 544 3739 A'sia
600 3692 864 3755 impositi)
929 3693 1082 3745 Quod
1128 3693 1381 3758 sequitur,

310 3762 500 3829 et‘atti,
535 3769 810 3817 videndum
856 3784 920 3818 ne
953 3769 1255 3834 superfluat,
1293 3785 1382 3818 na-

313 3851 533 3910 tumque
557 3849 624 3894 sit
648 3861 713 3894 ex
741 3848 1033 3899 haesitantia
1073 3847 1290 3911 librarii,
1327 3853 1384 3897 et

311 3920 583 3972 adfinitate
610 3925 750 3973 vocis
770 3926 972 3988 prioris.
1026 3925 1236 3990 Lipsius.

381 4000 539 4055 Quam
562 4003 680 4062 quod
705 4002 959 4065 Polycleti,
990 4003 1195 4063 Vatinii,
1218 4007 1262 4051 et
1286 4002 1387 4051 He-

314 4077 376 4128 tit
401 4080 726 4143 paraverunt]
809 4081 1011 4143 Helius,
1050 4097 1199 4146 quem
1223 4081 1388 4143 Nero,

316 4169 438 4206 eum
470 4159 715 4208 Arhniam
743 4168 969 4223 peteret,
1009 4161 1104 4209 sibi
1140 4161 1385 4210 vicarium

317 4233 505 4284 Romae
531 4236 814 4284 sub-istere
836 4237 1090 4300 jusserat,
1130 4252 1245 4285 cnm
1270 4251 1389 4285 auc·

315 4310 536 4361 teritum
559 4320 752 4375 quanta
789 4321 998 4375 poterat
1030 4314 1266 4374 maxima,
1300 4312 1388 4361 ad·

309 4386 503 4453 μου
539 4387 595 4439 ei
619 4387 948 4461 ’Polyclet93
985 4390 1073 4455 qni
1114 4391 1400 4455 ambosnt=

1431 676 1532 717 λων
1569 666 1705 718 πάνθ’
1741 668 1831 717 ὅσα
1867 667 2143 731 ἐκδέχεται
2179 670 2228 718 id
2248 677 2350 735 est,
2367 670 2499 734 rapi-

1431 760 1521 794 nas
1536 752 1841 796 exer-eaerum
1863 751 2064 810 quantas
2092 750 2310 810 poterant
2343 748 2498 798 maxi·

1431 838 1550 873 mas.
1592 824 1721 873 Tac.
1759 824 1959 873 Vatinii
2015 825 2326 874 mentionem
2369 824 2499 874 facit

1436 903 1573 952 Anu.
1596 915 1692 951 xv.
1728 902 1743 930 ‘
1769 902 2009 952 Vatinius
2043 902 2181 952 inter
2217 900 2503 953 fetidissima

1434 981 1549 1045 ejus
1573 983 1704 1032 aula».
1727 987 1933 1031 ostenta
1949 979 2082 1031 fnit!
2117 982 2359 1033 Savillins.
2408 982 2504 1032 In-'
2538 1012 2543 1020 -

1435 1059 1592 1108 dubie
1631 1058 1907 1108 delendum
1955 1058 2092 1107 istud
2127 1065 2175 1108 et
2218 1061 2325 1123 alii,
2372 1062 2503 1124 quo·'

1433 1138 1587 1187 modo
1609 1137 1787 1201 Lipsio
1808 1138 1992 1188 visum.
2057 1137 2161 1186 Sed
2202 1151 2300 1186 nec
2330 1138 2510 1188 incer-·
2583 1173 2586 1177 .

1434 1214 1538 1263 tius
1582 1213 1983 1277 expungendum
2019 1215 2184 1263 etiam
2207 1215 2345 1277 quod,
2382 1226 2501 1263 meo

1435 1293 1643 1358 quidem
1657 1292 1879 1357 judicio.
1932 1292 2194 1343 Acidalius.
2227 1293 2501 1344 Inculcata

1434 1369 1632 1421 fnit-in
1674 1369 1816 1419 libris
1860 1369 2016 1420 editis
2056 1384 2154 1419 vox
2180 1377 2378 1433 praeter
2414 1382 2503 1420 ve-

1439 1454 1609 1497 terum
1629 1444 1805 1509 fidem,
1820 1450 1866 1495 et
1890 1445 2014 1508 Elii,
2035 1450 2083 1495 et
2104 1446 2189 1495 alii
2208 1461 2327 1510 par.-
2347 1450 2509 1511 qua'ns

1440 1522 1692 1572 suadente
1754 1523 1932 1586 Lipsio
2007 1522 2309 1580 delevimus.
2367 1523 2509 1595 Flor.=

1439 1605 1719 1663 corrupte:
1750 1604 1806 1668 'et
1831 1600 2035 1662 Vatinii,
2077 1605 2125 1649 et
2150 1600 2318 1662 Egiali
2349 1600 2506 1662 perie-

1438 1682 1570 1729 rant.
1623 1677 1876 1728 Picbena.
1922 1678 2112 1728 Placet
2150 1679 2256 1726 Elii
2273 1692 2292 1735 ,·
2323 1691 2504 1727 verum

1440 1762 1488 1807 et
1531 1756 1619 1806 alii
1669 1771 1773 1806 non
1811 1756 2065 1819 assignem
2108 1758 2321 1807 incuriae
2366 1750 2509 1806 tran-'

1442 1821 1743 1898 scriptoris:
1813 1848 1932 1883 nam
1997 1835 2237 1900 plerique
2304 1832 2506 1883 Neroni

1441 1912 1604 1978 (ultra
1647 1912 1842 1978 dictos)
1875 1915 2013 1963 dites
2055 1921 2110 1965 et
2153 1912 2510 1980 praepotentes

1442 1992 1621 2041 liberti
1645 2007 1658 2040 t
1696 1992 1837 2040 inter
1861 2007 1986 2056 quos
2007 1991 2082 2057 (ni
2105 1991 2282 2056 fallor)
2314 1992 2509 2057 Sporus

1443 2076 1498 2119 et
1536 2069 1909 2132 Doryphorus:
1945 2083 2009 2116 an
2052 2069 2115 2117 iis
2154 2067 2510 2117 minusindul·

1442 2146 1982 2211 sisset'perditissimae
2016 2146 2235 2195 luxuriae
2271 2145 2364 2210 vir,
2404 2145 2511 2210 qni-

1445 2225 1542 2274 bus
1574 2209 1743 2288 (dictu
1777 2221 1953 2286 nefas)
1989 2223 2207 2271 maritus
2249 2227 2303 2270 et
2324 2214 2514 2287 conjux'

1443 2299 1580 2349 fuit?
1613 2302 1759 2350 Suet.
1801 2301 1930 2350 Ner.
1955 2304 2036 2349 28.
2071 2300 2087 2327 ‘
2114 2299 2184 2348 Et
2208 2313 2361 2364 quum
2387 2296 2512 2347 affa-

1446 2378 1542 2429 tim
1567 2378 1893 2441 desaevisset,
1935 2376 2282 2427 conficeretur
2327 2390 2358 2424 a
2403 2376 2512 2424 Do·

1446 2455 1670 2520 ryphoro
1692 2454 1902 2519 liberto,
1944 2454 2025 2503 cui
2047 2455 2203 2503 etiam
2244 2453 2379 2503 sicut
2408 2450 2513 2518 ipsi

1445 2532 1641 2594 Sporus
1665 2533 1741 2580 ita
1761 2532 1874 2594 ipse
1911 2530 2186 2594 denupsit!
2254 2529 2512 2580 Anicetus

1448 2610 1561 2660 scil.
1600 2610 1647 2658 ei
1668 2616 1751 2660 tot
1782 2608 2097 2672 flagitiorum
2131 2610 2385 2672 conscius„
2423 2609 2516 2656 mi-

1447 2701 1544 2735 nns
1573 2687 1766 2750 rapuit,
1790 2687 1877 2752 qui
1911 2687 2067 2737 classi
2091 2686 2230 2750 apud
2256 2680 2515 2734 Misenum*

1448 2763 1753 2829 praefectus,
1786 2765 1979 2830 quique
2018 2764 2224 2813 tandem
2265 2763 2320 2812 in
2341 2762 2518 2811 Sardi-

1449 2843 1539 2892 nia
1560 2844 1575 2871 ⁴
1604 2843 1722 2892 Non
1747 2843 1896 2906 inops
1921 2842 2131 2892 exilium
2162 2840 2422 2904 toleravit,
2461 2844 2517 2890 et

1450 2921 1563 2973 fato
1587 2923 1755 2974 obiit?
1784 2923 2069 2973 Salinerins.
2125 2920 2514 2985 Conjiciebam:

1450 3002 1608 3063 etjam
1629 3003 1738 3065 plus
1753 3001 1915 3064 rapuit
1938 3000 2106 3062 Icelus,
2125 3015 2264 3063 quam
2289 2996 2520 3063 Polycleti

1451 3083 1498 3128 et
1531 3078 1714 3129 Vatinii
1746 3082 1796 3127 et
1830 3077 1935 3128 Elii
1972 3080 2020 3126 e't
2060 3074 2285 3138 Tigellini
2317 3089 2518 3141 parave-

1450 3160 1581 3204 runt.
1628 3154 1936 3206 Gronovius.
2016 3190 2031 3211 .

1516 3232 1742 3282 Avaritia
1785 3248 1841 3281 ac
1877 3232 2070 3281 licentia
2099 3229 2368 3293 gvussatus]
2435 3227 2524 3278 Ita

1452 3310 1592 3360 Flor.
1615 3311 1808 3374 Vulgo,
1840 3315 1923 3360 aut
1939 3310 2148 3359 licentia.
2182 3308 2436 3358 Pichena.

1520 3387 1654 3436 CAP.
1678 3390 1761 3436 38.
1818 3385 2085 3446 Infaustam
2123 3385 2419 3449 adoptionem
2442 3384 2523 3432 ad-

1451 3463 1716 3528 versantes]
1781 3463 2009 3513 Faernus
2029 3462 2270 3513 mutabat
2308 3476 2374 3512 ex
2398 3477 2444 3510 v.
2475 3475 2522 3512 c.

1455 3543 1668 3592 verbum
1723 3543 2042 3605 adversantes,
2120 3540 2173 3590 in
2235 3542 2522 3591 aversantes.

1454 3621 1693 3671 Ursinus.
1793 3620 2036 3670 Muretus
2109 3619 2338 3669 correxit
2391 3633 2524 3668 aver-

1454 3704 1628 3749 santes.
1692 3699 1883 3763 Vulgo,
1904 3700 2220 3759 adversantes.
2280 3695 2365 3745 Sic
2387 3686 2524 3744 Ann‘.

1457 3777 1547 3827 lib.
1575 3791 1610 3827 t.
1640 3776 1655 3805 ‘
1685 3792 1778 3826 sua
1801 3774 2033 3826 facinora
2073 3773 2337 3824 adversari
2376 3775 2523 3824 Deos

1458 3852 1850 3905 lamentantur.²
1918 3852 2060 3902 Hist.
2100 3851 2191 3900 lib.
2217 3863 2305 3901 111.
2339 3850 2356 3877 ‘
2392 3840 2523 3898 neve

1459 3947 1514 3981 se
1538 3937 1597 3980 ut
1638 3928 1950 3995 parricidam
1997 3933 2362 3977 aversarentur
2382 3925 2415 3976 :’
2450 3926 2526 3975 ita

1461 4008 1600 4058 enim
1639 4008 1691 4056 in
1732 4004 1939 4070 optimis
1979 4004 2139 4053 libris.
2175 4002 2403 4053 Pichena.
2441 4001 2532 4051 Li-

1463 4085 1566 4146 bri,
1611 4086 1947 4132 adversantes:
1998 4086 2182 4144 postea
2225 4094 2291 4127 ex
2332 4077 2525 4128 Mureti

1463 4162 1761 4223 conjectura
1787 4156 2063 4206 ediderunt
2095 4160 2393 4205 aversantes.-
2428 4169 2528 4205 nec

1464 4238 1764 4300 impugnem
1788 4237 1937 4283 istam
1958 4235 2251 4296 lectionem,
2272 4234 2312 4282 si
2330 4249 2360 4282 a
2381 4222 2527 4282 libris

1465 4323 1639 4366 esset:
1675 4329 1791 4364 cum
1819 4321 1991 4364 autem
2013 4328 2115 4362 non
2140 4314 2226 4377 sit,
2246 4312 2530 4363 nec‘altera

1462 4393 1554 4442 illa
1608 4393 1839 4444 deterior
1893 4384 2152 4457 (rideatur,
2208 4390 2386 4442 nescio
2438 4380 2532 4441 cui·
