3009 4942
453 321 638 417 &5⁶

531 465 645 514 Neu
684 478 896 528 proceres
931 460 1171 526 gentium]
1211 459 1534 525 tegendum,

464 557 524 590 ne
542 555 756 604 proceres
772 540 1006 602 gentium.
1063 538 1234 589 Causa
1256 553 1349 588 cur
1372 552 1538 587 remo-

467 608 580 666 'veri
604 617 732 666 velit
751 617 1021 666 Vononem
1057 631 1088 665 e
1111 616 1278 681 Syria,
1311 630 1376 664 ne
1414 615 1537 663 dum

466 708 709 765 proceres
744 694 996 757 gentium,
1038 692 1337 743 Artabanus
1363 691 1539 742 Persi-

469 786 565 834 cte,
605 771 952 821 Germanicus
998 771 1267 830 Romanae,
1311 767 1538 833 proximi

465 855 603 911 sunt,
628 850 670 897 si
694 848 907 912 propius
939 847 1078 898 adsit
1096 847 1358 908 Vonones,
1394 851 1537 894 serat

462 926 602 975 inter
625 939 714 974 eos
745 925 939 974 nuntiis
968 939 999 973 e
1034 921 1325 987 propinquo
1354 936 1537 971 causas

465 1001 861 1052 discordiarum.
925 1001 1003 1049 Eo
1042 1014 1165 1048 mox
1202 997 1442 1047 amolitus
1483 997 1537 1044 in

464 1077 727 1139 Ciliciam,
758 1084 812 1126 et
839 1077 893 1125 in
914 1076 1024 1139 ejus
1048 1089 1189 1123 oram
1211 1073 1538 1135 maritimam,

465 1170 581 1222 quas
621 1154 983 1205 remotissima.
1033 1153 1297 1201 Men-erus.
1366 1151 1539 1199 Parti-

464 1233 585 1282 cula
605 1247 715 1294 neu,
732 1230 1042 1280 sententiam
1065 1227 1361 1278 confundit.
1405 1227 1539 1278 Cen-

464 1323 554 1361 seo
600 1308 895 1373 legendum,
938 1322 999 1356 ne
1032 1321 1249 1370 proceres
1283 1305 1535 1368 gentium.-

460 1386 545 1435 vel
571 1385 763 1450 potius,
784 1400 841 1434 ue
864 1385 908 1432 is
922 1397 1141 1448 proceres
1154 1384 1389 1444 gentium.
1448 1382 1538 1431 Pi·

464 1462 647 1511 ebena.

530 1540 667 1588 CAP.
713 1542 796 1589 59.
863 1538 1132 1601 AEgyptum
1190 1534 1537 1601 proficiscitur]

462 1615 664 1678 Malim,
687 1614 737 1663 in
762 1615 1044 1677 AEgyptum.
1079 1613 1327 1662 Pichena.
1384 1614 1538 1661 Frus-

462 1699 561 1742 tra.
606 1691 692 1740 Sic
715 1691 853 1740 enim
873 1690 1237 1754 loquebantur.
1305 1689 1420 1738 Liv.
1444 1689 1536 1738 lib.

464 1782 596 1820 xcv.
621 1770 636 1797 ‘
659 1766 744 1817 Ad
764 1773 1061 1831 susceptam
1082 1765 1398 1830 legationem
1419 1778 1536 1828 per-

464 1845 720 1909 agendam
748 1844 997 1906 navigare
1020 1845 1303 1908 AEgyptum
1317 1841 1534 1906 pergit!

460 1921 699 1975 Justinus
742 1922 825 1970 vel
859 1922 1056 1984 Trogus
1091 1922 1124 1968 Ι.
1150 1933 1321 1969 xxm.
1355 1921 1371 1947 ‘
1397 1921 1540 1969 Uxo-

461 2014 571 2063 rem
596 1998 900 2061 genitosque
935 2012 1001 2046 cx
1036 2012 1099 2046 ea
1138 1997 1265 2045 duos
1290 1996 1535 2059 parvulos

462 2075 763 2140 AEgyptum,
803 2075 941 2123 unde
979 2089 1196 2124 uxorem
1213 2079 1534 2137 ”acceperam

463 2152 720 2203 remittit?
787 2154 858 2201 Et
881 2154 916 2200 l.
942 2165 1149 2203 xxvm.
1214 2150 1231 2178 ‘
1260 2151 1389 2198 Cum
1413 2164 1536 2199 con-

456 2229 589 2294 juge
626 2235 681 2279 et
717 2230 893 2280 liberis
929 2229 1210 2293 AEgyptum
1248 2227 1315 2276 ad
1357 2228 1536 2276 Ptole-

462 2320 652 2356 maeum
675 2303 1061 2370 proficiscitur-⁹
1115 2304 1404 2353 Gronovius.

531 2387 873 2449 Cognoscendoe
907 2384 1237 2449 antiquitatis]
1305 2383 1538 2445 Auditis,

464 2461 769 2526 Principes?
804 2462 1093 2512 imitamini.
1151 2460 1287 2510 Haec
1304 2459 1535 2524 cognitio

465 2540 533 2588 ad
588 2541 805 2604 gloriam
867 2541 1243 2603 honestumque
1299 2537 1532 2587 excitat:

463 2618 577 2667 haec
602 2619 814 2682 parandi
836 2618 944 2667 vias
966 2617 1208 2666 ostendit.
1239 2615 1449 2678 Lipsius.

481 2748 486 2755 ,
534 2696 672 2751 Quod
707 2701 871 2744 eontra
904 2692 1150 2755 instituta]
1203 2692 1338 2741 Vide
1380 2692 1529 2742 Suet.

462 2772 692 2835 Tiberio,
727 2786 773 2823 c.
799 2776 879 2820 52.
903 2777 960 2820 et
995 2784 1112 2835 quae
1141 2769 1312 2819 dicam
1337 2769 1403 2818 ab
1427 2769 1465 2818 l.
1490 2782 1531 2821 1.

464 2848 664 2898 Histor.
701 2848 850 2897 Idem.
1163 2839 1168 2843 ⁸

529 2925 875 2974 Alexandriam
910 2924 1176 2987 introisset]
1218 2923 1527 2972 Suetonius:

462 3002 478 3029 ‘
505 3002 659 3054 Quod
715 3016 839 3051 vero
880 3000 1264 3062 Alexandriam,
1313 3006 1533 3064 propter

465 3081 762 3135 immensam
799 3088 856 3131 et
879 3081 1201 3145 repentinam
1222 3079 1431 3142 famam,
1456 3083 1531 3130 in-

465 3159 716 3207 consulto
751 3173 805 3207 se
848 3158 1082 3223 adiisset,
1120 3163 1332 3222 questus
1361 3156 1531 3208 est'in

462 3235 695 3285 Senatu!
743 3238 978 3286 Muretus.

533 3311 784 3375 Equitem
825 3312 1053 3362 Romanis
1100 3311 1382 3373 illustribus]
1443 3314 1531 3362 De

464 3387 561 3436 hoc
587 3389 890 3451 cognomine
909 3389 1142 3453 equitum
1165 3386 1321 3439 infra.
1358 3389 1497 3453 Lips.

529 3468 751 3530 Seposuit
795 3469 1081 3534 AEgyptum]
1167 3471 1299 3519 Cum
1343 3484 1532 3532 magna

464 3559 582 3608 pars
620 3543 887 3609 frumenti,
941 3562 1043 3610 quo
1100 3561 1223 3610 pop.
1270 3545 1531 3594 Romanus

465 3620 723 3681 alebatur,
763 3621 1083 3671 Alexandria
1128 3621 1423 3680 veheretur,
1464 3621 1531 3669 ob

462 3695 620 3761 idque
645 3696 1015 3747 Alexandrinae
1040 3711 1197 3744 naves
1222 3710 1341 3744 cum
1372 3709 1530 3757 appa-

464 3781 696 3835 ruerant,
719 3788 906 3836 magno
942 3772 1128 3834 gaudio
1154 3773 1401 3834 populum
1424 3769 1532 3820 affi-

463 3856 756 3911 cerent,.ut
785 3856 869 3915 est
899 3849 1036 3910 apud
1076 3850 1196 3897 Sen.
1236 3849 1408 3913 Epist.
1447 3853 1530 3898 78.

462 3925 750 3988 Augustus»,
794 3925 1010 3986 imperio
1064 3925 1401 3989 prospiciens,
1448 3940 1533 3974 ve-

464 4008 656 4062 tuerat,
699 3994 764 4049 ne
789 4001 902 4063 quis
925 4008 1133 4051 senator
1170 4017 1393 4067 equesve
1432 4004 1534 4051 Ro-

463 4091 644 4126 manus
664 4076 951 4126 inconsulto
975 4079 1210 4142 principe
1231 4079 1529 4143 ingredere·

466 4159 553 4202 tur
589 4154 900 4216 AEgyptum:
936 4156 1072 4219 quod
1110 4156 1313 4205 videret
1347 4157 1401 4205 in
1442 4171 1532 4221 po-

468 4234 662 4295 testate
697 4229 811 4295 ejus
849 4230 983 4298 fore,
1021 4231 1158 4284 fame
1192 4248 1380 4297 urgere
1422 4234 1533 4284 Ita-

1170 334 1390 385 NOTAE
1437 332 1845 383 vamoauu
1895 330 1977 382 IN

1615 462 1757 523 liam,
1796 478 1956 527 seque
2001 463 2105 513 levi
2140 458 2388 528 praesidio
2433 461 2703 514 adversus.

1615 540 1856 604 ingentes
1893 542 2155 591 exercitos
2191 539 2366 592 tueri:
2420 539 2681 604 simulque,

1614 626 1853 669 metuens
1897 619 2116 683 imperio
2161 633 2192 667 a
2239 633 2439 667 summa
2464 618 2693 669 levitate

1615 701 1671 744 et
1712 695 2063 745 inconstantia
2096 695 2590 756 Alexandrinorum,
2623 698 2693 743 nt:

1615 778 1795 821 auctor
1833 778 1914 821 est
1950 772 2055 822 Dio
2094 774 2132 823 l.
2172 785 2247 822 u.
2306 771 2493 836 Itaque
2524 784 2683 821 nona

1615 848 1946 911 proconsule,
1988 855 2079 898 aut
2107 864 2138 898 a
2173 857 2501 913 propraetore
2525 845 2685 895 admi-

1615 926 1933 976 nistrabatur
1970 926 2311 988 Alexandria,
2350 926 2442 976 sed
2477 940 2508 974 a
2545 924 2689 975 Juri·

1616 1002 1733 1052 dico
1758 1000 2038 1073 δικωιοδόηι,
2060 1010 2118 1052 et
2141 1017 2172 1051 a
2207 1002 2409 1052 libertis
2446 1000 2688 1062 Caesaris,

1616 1079 1705 1145 qui
1742 1079 2261 1143 cogendoepecuniae
2304 1077 2528 1142 publicae
2552 1091 2693 1141 proe-

1615 1155 1767 1219 positi
1793 1161 1965 1216 erant,
1997 1161 2055 1203 ut
2088 1161 2172 1204 est
2201 1153 2338 1218 apud
2380 1153 2685 1220 Strabonem

1614 1231 1704 1281 lib.
1722 1244 1867 1281 xvn.
1901 1233 2031 1281 Erat
2054 1239 2227 1281 autem
2241 1231 2509 1293 antidicus,
2524 1243 2685 1294 eques

1616 1308 1815 1373 aliquis,
1835 1323 1941 1358 non
1977 1315 2153 1358 tamen
2187 1324 2256 1358 ex
2290 1308 2594 1369 illustribus,
2628 1311 2687 1356 et

1613 1402 1805 1450 magna
1824 1387 2140 1437 auctoritate
2164 1385 2420 1450 praeditis,
2442 1383 2581 1433 unde
2602 1390 2689 1433 est

1614 1463 1724 1512 Tit.
1746 1464 1779 1512 1.
1804 1477 1840 1512 1.
1864 1464 1936 1512 D.
1959 1464 2020 1512 de
2033 1463 2184 1528 officio
2206 1461 2421 1510 Juridici
2442 1461 2683 1511 Alexand.

1613 1538 1702 1589 nbi
1741 1540 1954 1603 Ulpiani
1984 1541 2145 1590 verba
2181 1544 2327 1588 sunt:
2367 1537 2384 1566 ‘
2408 1537 2691 1600 Adoptare.

1613 1617 1727 1681 quis
1771 1617 1911 1681 apud
1953 1615 2246 1668 Juridicum
2290 1620 2503 1679 potest3
2549 1604 2709 1678 onia,

1614 1694 1740 1743 data
1777 1702 1859 1743 est
1903 1694 1954 1743 ei
1995 1693 2127 1757 legis
2161 1691 2336 1752 actio,'
2381 1706 2497 1756 quae
2521 1690 2683 1740 verba

1613 1772 1756 1820 nullo
1778 1785 1845 1819 ex
1867 1771 1983 1820 loco
2001 1770 2184 1819 melius
2203 1767 2425 1831 intelligi
2449 1773 2684 1831 possunt,

1613 1862 1768 1913 quam
1791 1861 1859 1896 ex
1881 1848 1980 1910 his,
2004 1860 2120 1911 quae
2142 1846 2387 1910 leguntur
2409 1845 2549 1908 apud
2584 1845 2683 1893 Ta-

1612 1924 1703 1973 cit.
1725 1937 1825 1973 ιιι.
1847 1929 1929 1973 60.
1990 1925 2227 1972 Muretus.

1676 2001 1825 2050 Fame
1856 2001 2070 2064 urgeret]
2119 1998 2332 2063 AEgypti
2367 1995 2679 2048 foecunditas

1611 2079 1774 2128 multo
1818 2077 2080 2127 maxima:
2130 2077 2351 2141 ideoque
2407 2075 2682 2125 Cornelius

1610 2156 1732 2206 infr.
1755 2157 1898 2205 Hist.
1924 2157 1958 2206 l.
1981 2169 2045 2206 11.
2077 2169 2193 2204 eam
2217 2152 2451 2217 appellat
2472 2152 2489 2180 ‘
2514 2152 2680 2201 claus-

1613 2238 1698 2281 tra
1743 2246 1978 2291 annouae,
2021 2238 2078 2281 et
2124 2230 2351 2294 vectigal
2393 2227 2679 2292 provincis-

1611 2324 1726 2358 rum
1750 2308 1782 2358 :'
1818 2316 1876 2357 et
1896 2309 2042 2370 alibi,
2065 2310 2080 2335 ‘
2103 2320 2322 2356 annonae
2346 2302 2678 2355 fecundam!

1612 2385 1749 2435 Item
1785 2387 1820 2435 l.
1844 2399 1950 2435 xu.
1991 2387 2006 2414 ‘
2033 2383 2269 2435 Africam
2308 2382 2485 2448 potius
2514 2389 2570 2431 et
2591 2380 2678 2430 ΛΕ-

1611 2470 1825 2527 gyptum
1848 2462 2185 2513 exercemus.'
2235 2461 2480 2512 Feri-etus.
2668 2462 2674 2469 '

1679 2542 1988 2604 Claustroque
2016 2546 2158 2590 terroe
2179 2554 2236 2588 ac
2257 2537 2426 2600 mor-is]
2461 2536 2676 2586 Rectius

1609 2617 1711 2667 erit
1725 2632 1822 2682 per
1840 2616 2220 2681 appositionem
2238 2617 2409 2677 legere
2429 2630 2443 2662 ε
2467 2612 2679 2677 quisquis

1608 2709 1713 2743 eom
1731 2693 2039 2756 provinciam,
2073 2694 2279 2741 claustra
2313 2695 2456 2739 terrae
2489 2704 2545 2737 ac
2579 2703 2678 2738 ma·

1606 2771 1694 2820 ris.
1743 2770 1831 2819 Sic
1856 2784 2000 2818 mox:
2038 2771 2052 2797 ⁴
2076 2769 2280 2832 Syenen
2304 2765 2531 2815 claustra
2554 2765 2674 2813 olim

1607 2845 1830 2896 Romani
1854 2844 2058 2909 imperii
2076 2843 2109 2894 :'
2142 2850 2199 2893 et
2231 2842 2370 2906 apud
2410 2833 2684 2891 Lucanum'

1606 2929 1621 2956 ‘
1651 2927 1819 2990 Regni
1838 2928 2062 2975 claustra
2083 2922 2288 2973 Philae!
2327 2921 2543 2970 Grotius.

1656 3005 1789 3054 CAP.
1808 3009 1888 3053 60.
1915 3002 2129 3067 Canopo]
2150 3001 2338 3050 Strabo
2359 3019 2372 3049 z
2397 2996 2622 3054 Κάνωβος
2633 2994 2678 3046 δ’

1606 3080 1709 3130 ἐστὶ
1722 3079 1860 3130 πόλις
1872 3081 1922 3128 ἐν
1935 3080 2082 3140 εἴκοσι
2100 3078 2178 3128 καὶ
2193 3076 2364 3126 ἑκατὸν
2376 3074 2583 3124 σταδίοις
2596 3074 2676 3122 ἀπ’

1604 3155 1952 3221 Ἀλεξανδρείας
1975 3155 2099 3218 πεζῆ
2129 3153 2292 3215 ἰοῦσιν,
2321 3153 2558 3212 ἐπώνυμος
2579 3157 2686 3199 Καί

1606 3235 1759 3291 νῶβου
1789 3236 1876 3283 τοῦ
1897 3231 2144 3283 Μενελάου
2173 3230 2479 3297 κυβερνίπου,
2499 3230 2689 3287 ἀποθω·ι

1604 3311 1767 3363 νόησε
1790 3311 1966 3363 αὐτόθι.
2011 3314 2249 3361 Muretus.

1674 3391 1783 3446 Qua
1802 3388 2100 3453 tempestate]
2124 3388 2209 3437 Sic
2232 3387 2342 3437 Cic.
2365 3399 2428 3434 11.
2455 3385 2519 3435 de
2542 3389 2673 3434 orat.

1603 3468 1619 3494 ‘
1649 3466 1767 3518 Qua
1807 3472 2122 3528 tempestate
2176 3464 2326 3513 Paris
2378 3459 2672 3525 Helenam:

1604 3546 1704 3591 ἃς.
1729 3541 1865 3590 Vide
1882 3541 2185 3605 Euripidem
2201 3541 2253 3589 in
2275 3540 2494 3589 Helena.
2522 3539 2671 3588 Idem.

1670 3618 1875 3682 Libyam
1927 3619 2126 3668 delatus.
2210 3620 2332 3668 Iade
2380 3615 2673 3681 proxim]

1606 3696 1762 3744 Hunc
1784 3696 1950 3744 locum
1981 3695 2155 3746 Julius
2189 3696 2462 3744 Salinerius
2486 3694 2689 3743 doctis—t

1607 3772 1736 3820 sime
1760 3770 2008 3822 defendit.
2076 3773 2202 3822 Ideo
2230 3772 2355 3820 nihil
2393 3771 2533 3820 aliud
2567 3783 2674 3819 mo·

1607 3848 1764 3908 nebo,
1784 3849 1882 3899 nisi
1916 3849 2054 3913 quod
2093 3849 2323 3909 verbnm,
2346 3854 2438 3908 est,
2476 3847 2531 3895 in
2568 3845 2674 3897 fine

1608 3923 1869 3987 dictionis,
1894 3926 2175 3988 saepissime
2199 3926 2250 3973 in
2276 3927 2416 3974 Mati.
2438 3925 2677 3988 signatur

1606 4005 1701 4051 bac
1725 4010 1866 4062 nota,
1885 4002 1955 4060 R.
2004 4005 2124 4052 Non
2145 4003 2328 4050 mirum
2353 4015 2495 4065 ergo,
2520 4001 2561 4049 si
2587 4000 2681 4048 ali-

1608 4078 1814 4143 quando
1856 4079 2264 4141 praetermissum
2295 4078 2364 4126 sit
2384 4092 2415 4126 a
2435 4075 2699 4141 librariise·

1608 4151 1713 4206 Hic
1735 4162 1881 4206 certe
1902 4169 2226 4222 reponerem,
2245 4156 2436 4206 detritas
2454 4159 2546 4206 est.
2586 4153 2679 4204 Pi-

1607 4233 1795 4285 cliena.
2176 4244 2183 4251 ’
2604 4238 2609 4243 ’
