3009 4942
388 384 577 461 ml.
1102 396 1320 449 now
1364 390 1782 448 unientur·
1817 396 1900 447 ικ

399 560 503 597 non
527 559 592 595 ea
610 549 785 596 mente
819 542 995 609 animi,
1025 548 1086 594 nt
1118 557 1233 594 cam
1265 541 1464 593 Budua

394 625 456 675 in
497 630 756 675 certamen
796 621 1141 679 descendam:
1190 621 1302 687 quis
1334 621 1464 671 adeo

396 700 624 766 fungus?
671 699 949 750 &diuet-iim
1030 698 1305 761 Ingeniosa
1342 698 1465 748 mibi

397 777 515 829 ¹visa
534 785 615 827 est
635 778 791 840 Lipsii
814 777 1138 841 conjectura,
1176 778 1465 840 praesertim

402 855 680 906 ex'l'acito
717 855 830 917 ipso
867 853 1103 903 firmata:
1153 868 1214 902 ac
1245 854 1469 904 libenter

401 944 517 981 eam
539 932 885 994 recepissem:
932 937 1101 980 tamen
1128 931 1249 995 quia
1271 930 1469 980 dissen-

402 1007 472 1059 tit
512 1008 816 1068 Salinerius,
853 1014 910 1058 et
943 1008 1155 1073 vulgata
1194 1007 1351 1057 lectio
1390 1013 1469 1056 ut·

402 1099 625 1150 cumque
650 1084 771 1133 ferri
795 1091 986 1148 potest,
1008 1085 1133 1133 satis
1166 1085 1337 1147 habui,
1358 1099 1469 1135 cor-

403 1161 690 1213 rectionem
714 1161 766 1209 in
793 1161 1023 1223 margine
1062 1161 1179 1212 libri
1203 1160 1469 1211 adnotare.

402 1237 634 1288 Pis-Item.
700 1236 946 1286 Tiberius
978 1236 1030 1286 in
1068 1251 1131 1286 eo
1164 1238 1336 1286 omnia
1357 1252 1471 1287 esse

400 1313 643 1378 putabat,
663 1314 705 1362 si
728 1313 1059 1377 providisset,
1097 1329 1161 1363 ne
1184 1317 1474 1378 composita

403 1390 769 1442 turbarentur:
807 1391 944 1441 unde
967 1399 1022 1441 et
1048 1389 1348 1456 proferendi
1383 1394 1474 1441 im-

403 1469 540 1533 perii
575 1469 862 1518 incuriosus
895 1475 1029 1530 erat,
1070 1475 1123 1518 et
1159 1485 1190 1517 a
1230 1469 1394 1530 bellis,
1430 1470 1476 1518 si

404 1546 518 1611 quis
579 1545 730 1608 alins,
775 1545 1106 1596 abhorrebat.
1185 1546 1475 1609 virdunen:

403 1622 692 1673 Scriverius
730 1623 986 1673 malebat:
1025 1624 1280 1673 Cossitium
1316 1624 1368 1672 id
1406 1625 1477 1676 D.

404 1699 615 1760 Augusti
630 1699 822 1748 vocabat
850 1699 1063 1749 Tiberius
1081 1705 1383 1764 praeceptum.
1416 1699 1473 1749 Si

400 1774 520 1839 quis
542 1789 625 1824 me
649 1776 794 1839 sequi
819 1776 980 1836 volet,
1002 1777 1275 1827 lectionem
1298 1778 1474 1841 vulga-

407 1856 515 1899 tam
561 1852 826 1916 corrigere
872 1867 973 1901 non
1013 1853 1259 1904 tentabit.
1338 1855 1475 1905 Con·

402 1934 552 1978 stant
574 1929 672 1978 sibi
690 1929 853 1979 verba
877 1930 1076 1993 pariter
1110 1945 1172 1980 ac
1196 1931 1472 1981 sententia.

410 2008 669 2060 Consilium
692 2009 904 2070 meabat,
926 2009 1063 2059 idem
1079 2017 1161 2059 est
1179 2011 1335 2075 quod,
1352 2025 1475 2060 con·

398 2087 600 2137 saltum
635 2086 984 2138 existimabat.
1055 2088 1316 2138 Caeterum
1346 2089 1476 2152 ejus-

400 2162 550 2223 modi
571 2164 815 2226 consiliis,
837 2165 966 2213 δια·
988 2165 1315 2214 Boxhoraiss.

474 2239 616 2296 Quod
649 2239 845 2301 initiunt
883 2245 1092 2290 ventare
1124 2256 1237 2289 mox
1260 2240 1476 2301 fortune

393 2314 524 2378 fuit,
567 2316 758 2366 domieoe
797 2317 988 2382 gentes]
1054 2318 1142 2368 Ita
1179 2318 1474 2384 distingue3

416 2393 699 2458 Vespasiano
716 2412 733 2444 :
772 2397 896 2459 quod
915 2395 1111 2447 initium
1129 2412 1177 2445 v.
1200 2397 1329 2457 m.f.
1350 2396 1477 2457 fuit.

406 2472 622 2527 Domitoe
635 2478 818 2534 gentes.
854 2472 1142 2524 Acidalius.

475 2549 610 2601 CAP.
648 2554 728 2601 14.
755 2550 936 2600 Didius
960 2551 1151 2615 Gallus]
1201 2552 1341 2602 Anu.
1371 2566 1475 2603 ιη.

407 2624 575 2675 abiet
595 2625 663 2675 A.
690 2626 881 2675 Didius
901 2634 1131 2678 vocatur.
1188 2628 1432 2679 Savinias.

472 2701 730 2755 &aoniae
757 2704 1027 2771 Paulum]
1079 2708 1183 2758 Res
1218 2709 1322 2759 itlae
1355 2724 1479 2774 quo-

408 2778 745 2843 modolgestae
780 2781 894 2844 lege
924 2783 1161 2834 Tacitum
1196 2783 1333 2835 Anu.
1358 2798 1474 2836 nv,

409 2855 503 2907 nbi
525 2857 727 2921 plenius
750 2860 1071 2924 exsequitur.
1107 2861 1261 2913 Idem·

481 2935 549 2982 Ut
571 2935 719 2998 viros]
753 2937 951 3002 Malim,
970 2939 1112 2988 vires.
1147 2942 1443 2993 Rhenanus.

478 3010 636 3073 Terga
669 3014 898 3063 οοοωίοιιὶ
930 3015 1182 3079 patefecit]
1236 3020 1356 3068 Non
1394 3034 1479 3069 me

406 3086 547 3151 fugit
563 3093 702 3150 terga
720 3089 818 3138 hoc
838 3090 954 3140 loco
977 3107 1131 3155 posse
1148 3108 1244 3157 pro
1261 3095 1325 3144 iis
1341 3097 1479 3161 capi,

409 3177 537 3228 qun,
553 3171 673 3228 post
695 3175 843 3230 terga
867 3168 1091 3233 reliquit.
1158 3171 1274 3221 Nec
1304 3177 1479 3222 tamen

408 3240 576 3295 minus
596 3243 826 3305 eleganti
842 3259 996 3294 sensu
1019 3247 1479 3312 interpretabimur

406 3318 713 3373 Suetonium
736 3323 1063 3372 occasionem
1098 3322 1294 3388 fugisse
1317 3332 1373 3376 et
1389 3327 1479 3376 de-

408 3395 549 3453 disse
573 3403 742 3461 terga,
765 3400 903 3464 quod
925 3401 1142 3452 Tacitus
1168 3408 1320 3453 vocat
1339 3408 1480 3466 terga

406 3473 697 3537 patefecisse,
740 3484 799 3525 ut
835 3478 1082 3543 Virgilius
1122 3481 1158 3529 l.
1198 3492 1252 3543 γ.
1300 3482 1480 3534 eximii

410 3549 602 3612 operis,
622 3551 637 3577 ⁸
664 3558 813 3613 terga
824 3545 1035 3605 ‘nudare
1055 3553 1232 3619 fugin!
1291 3554 1476 3608 Boetia.

411 3622 480 3673 de
504 3624 715 3675 Consol.
738 3627 936 3680 Philus.
958 3630 993 3678 l.
1017 3644 1096 3681 ιν.
1133 3632 1151 3660 ‘
1175 3635 1478 3686 curinertes'

410 3705 563 3771 terga
582 3715 721 3765 nuga
737 3704 945 3754 nudatis
960 3704 997 3753 θ’
1031 3707 1302 3759 Borelaias.
1345 3712 1477 3765 Qum

410 3777 675 3826 sententia
696 3793 847 3842 quam
872 3781 1040 3833 aliena
1057 3781 1125 3831 sit
1143 3783 1207 3833 ab
1230 3784 1479 3851 hocloco,

408 3855 504 3921 (ne
524 3857 646 3922 quid
667 3860 874 3920 gravius
897 3858 1094 3925 dicam)
1116 3862 1284 3926 quivis
1317 3865 1478 3918 videt:

410 3931 756 3987 §omoecasio
772 3934 1069 3986 Paulliuum
1085 3934 1239 4001 fugit,
1251 3939 1343 3988 sed
1364 3941 1478 4004 ipse

410 4007 735 4065 occasionem
760 4011 1057 4062 rebellionis
1100 4014 1366 4066 Britannis
1389 4017 1483 4068 de·

410 4083 511 4135 dit.
543 4085 866 4136 Boxlwrnius.

418 4213 427 4217 ,
480 4161 612 4217 cn».
636 4166 720 4213 1⁵.
752 4164 969 4215 Alterius
985 4170 1476 4223 mutuarentur-ionis.-

412 4236 610 4287 mes-ius
627 4238 726 4288 vias
745 4245 795 4290 et
813 4241 1139 4305 contumelias]
1187 4245 1390 4309 Malim,
1407 4249 1478 4297 al-

406 4311 564 4367 cuitu
598 4327 762 4369 mm
808 4318 1124 4371 centuriones.
1148 4366 1153 4371 .
1180 4321 1479 4379 Rhenanus.

1542 541 1768 591 Videtur
1820 540 2128 606 legendum:
2203 541 2404 593 suenus
2441 542 2612 594 sumi

1538 620 1880 681 mbae-s,
1897 620 2096 670 alternis
2123 634 2281 670 servos
2299 621 2397 670 eim
2419 624 2468 670 et
2502 636 2615 673 cou-

1539 696 1757 745 ἐκκαίει
1777 697 1988 756 niuem,
2007 699 2091 761 ξε.
2132 696 2309 747 addita
2342 713 2487 761 voce,
2507 696 2616 749 ser-2

1541 787 1637 834 eos,
1661 789 1724 822 ex
1748 789 1795 822 v.
1815 789 1863 824 c.
1905 775 2124 825 Uram.
2172 776 2402 837 Alterius,
2426 791 2616 842 mas,

1540 852 1847 910 camena,
1864 852 1976 901 sive
1985 852 2288 910 antu-ionis,
2305 852 2444 918 qnod
2467 852 2615 902 idem

1543 933 1628 976 est
1684 929 1764 976 vel
1825 930 2105 992 Eupboniae
2168 930 2353 993 gratia.
2420 929 2620 994 Virgil-

1543 1006 1740 1069 Georg.
1784 1020 1823 1056 1.
1877 1006 1894 1034 ‘
1917 1004 2125 1056 urbisne
2163 1006 2384 1055 invisere
2427 1007 2621 1056 Caesar

1543 1083 1922 1148 Terrarumque
1943 1085 2072 1132 velis
2108 1088 2318 1133 curam.’
2380 1082 2469 1132 Ad
2491 1098 2621 1147 qnae
2661 1084 2678 1087 ”

1545 1158 1746 1209 Gellius
1768 1172 1895 1208 xut.
1917 1164 1998 1210 19.
2047 1162 2065 1187 ⁴
2085 1160 2247 1211 Verte
2268 1161 2403 1211 enim
2421 1169 2477 1210 et
2498 1174 2621 1209 mn-

1546 1243 1604 1286 ta
1626 1244 1684 1284 ut
1720 1236 1892 1286 Urbes
1931 1237 2091 1300 dicat,
2126 1239 2391 1302 insipidius
2434 1239 2623 1288 nescio

1546 1312 1670 1376 quid
1693 1309 1855 1361 facies
1876 1321 1931 1362 et
1956 1314 2235 1377 pinguius)
2275 1315 2388 1363 AEn.
2412 1313 2504 1365 lib.
2526 1327 2624 1365 nr.

1547 1390 1564 1417 ‘
1579 1389 1803 1439 Centum
1821 1389 1974 1439 urbes
1988 1390 2226 1440 habitant
2241 1389 2488 1454 magnas!
2506 1390 2625 1440 Hic

1548 1468 1674 1516 item
1698 1473 1842 1518 muta
1863 1474 1923 1517 nt
1944 1467 2083 1517 urbis
2105 1467 2267 1531 dicas,
2288 1468 2435 1517 nimis
2458 1468 2625 1518 exilis

1548 1560 1651 1594 vox
1671 1545 1791 1608 erit,
1812 1553 1869 1597 et
1892 1546 2204 1610 exsanguis!
2262 1546 2626 1596 Doctissimus

1549 1620 1630 1670 vir
1651 1621 1763 1671 baec
1786 1622 1926 1672 varie
1947 1622 2184 1685 castigat,
2203 1622 2288 1670 cui
2309 1630 2484 1670 tamen
2508 1634 2628 1670 non

1548 1698 1833 1763 acquiescit
1874 1698 2137 1748 eruditiss.
2205 1697 2456 1758 Pichena‚
2521 1695 2632 1746 sed

1550 1775 1617 1825 de
1638 1776 1833 1839 majore
1856 1776 2043 1825 menda
2066 1776 2387 1839 suspicatur:
2430 1789 2527 1824 nos
2553 1782 2630 1824 ne

1548 1852 1810 1902 minimam
1833 1853 2040 1917 quidem
2062 1853 2268 1903 literam
2306 1854 2389 1901 hic
2410 1851 2636 1902 deside-

1550 1944 1736 1979 ramus.
1805 1930 2080 1979 Cornelius
2115 1931 2271 1979 missa
2308 1928 2634 1993 probatione

1549 2006 1663 2069 ejus
1683 2006 1822 2070 quod
1845 2006 2071 2068 dixerat,
2094 2021 2281 2070 nempe
2301 2005 2634 2055 discordiam

1550 2083 1941 2146 praepositorum
1981 2082 2153 2132 fraudi
2187 2083 2437 2147 subjectis
2480 2095 2637 2147 esse,

1549 2157 1669 2222 quia
1707 2172 1803 2221 per
1834 2171 1890 2206 se
1910 2159 2123 2208 clarum.
2167 2158 2427 2207 Homerus
2458 2156 2635 2207 Iliatl'.⁷

1549 2236 1643 2285 lib.
1682 2248 1721 2284 t.
1760 2238 1875 2286 258.
1941 2236 1958 2264 ‘
1983 2236 2032 2286 Ο
2073 2235 2164 2298 dii,
2198 2249 2413 2299 magnus
2446 2235 2635 2285 luctus

1552 2313 1797 2364 Groecam
1846 2319 2039 2369 terram
2098 2312 2273 2364 venit:
2346 2312 2636 2362 Gaudebit

1553 2388 1794 2454 profecto
1819 2390 2073 2451 Priamus,
2092 2392 2192 2440 διο.
2261 2389 2316 2438 Si
2339 2404 2428 2439 vos
2450 2390 2518 2439 de
2545 2390 2635 2439 his

1551 2465 1787 2517 omnibus
1820 2470 2085 2516 certantes
2128 2463 2475 2528 resciverint,'
2511 2468 2632 2516 &c-

1552 2541 1791 2593 Affirmat
1840 2558 2020 2594 eorum
2080 2543 2427 2607 concordiam,
2477 2541 2634 2592 &est

1552 2619 1762 2671 Saliner.
1794 2621 1907 2686 Ego
1937 2619 2005 2670 de
2024 2619 2210 2685 maJori
2239 2621 2431 2672 menda
2448 2623 2635 2684 suspi-

1550 2716 1671 2752 cor:
1704 2717 1823 2753 nam
1847 2703 2005 2754 verba
2030 2702 2142 2752 baec
2165 2701 2231 2752 ad
2255 2703 2392 2767 ipsos
2413 2704 2635 2769 pr'aepo·

1551 2779 1679 2828 sitos
1720 2792 1824 2827 uon
1861 2778 2107 2830 videntur
2146 2777 2349 2843 referri,
2383 2794 2499 2830 cum
2554 2779 2633 2829 de

1550 2855 1651 2906 illis
1680 2856 1792 2920 jam
1833 2855 2043 2919 dixerit,
2069 2857 2291 2908 alterum
2324 2857 2379 2907 in
2413 2856 2641 2920 sangui-

1552 2946 1694 2995 nem,
1717 2932 1939 2982 alterum
1970 2933 2021 2982 in
2046 2933 2182 2984 bona
2201 2935 2421 2984 saevire:
2459 2935 2634 2985 immo

1552 3008 1727 3073 potius
1741 3009 1808 3059 ad
1834 3010 2060 3073 ipsorum
2090 3011 2398 3061 discordiam
2419 3016 2475 3061 et
2494 3024 2638 3060 oon-

1551 3087 1782 3138 cordiam
1803 3102 1950 3153 reque
1971 3089 2215 3154 subjectis
2238 3090 2534 3151 exitiosam,
2558 3088 2637 3138 de

1555 3178 1658 3227 qua
1679 3179 1816 3214 nunc
1836 3179 2023 3216 sermo.
2086 3166 2165 3216 At
2203 3180 2340 3216 nnnc
2378 3162 2637 3215 Salinerii
2731 3222 2740 3233 ,

1552 3247 1759 3291 acutam
1796 3241 2276 3307 interpretationem
2312 3243 2634 3307 amplector,

1553 3319 1641 3384 qui
1663 3319 1758 3380 ait,
1774 3320 2031 3384 Tacitum,
2051 3320 2254 3371 omissis
2276 3322 2342 3370 de
2362 3319 2636 3369 discordia

1553 3396 1961 3460 probationibus,
2001 3404 2061 3448 ut
2089 3413 2196 3464 ‚per
2237 3411 2296 3446 se
2332 3396 2503 3457 claris,
2553 3395 2632 3445 de

1553 3475 1948 3539 prepositorum
1982 3476 2258 3526 concordia
2302 3479 2501 3524 tantum
2545 3474 2630 3523 lo-

1554 3553 1674 3617 qui:
1709 3553 1942 3615 alterius,
1960 3554 2075 3603 scil.
2097 3553 2257 3617 legati
2270 3550 2634 3615 concordiam,

1551 3643 1733 3679 manus
1796 3635 1852 3680 et
1903 3629 2230 3679 centuriones
2290 3626 2634 3692 procuratori

1552 3704 1915 3754 commodare:
1957 3705 2193 3766 alterius,
2222 3704 2276 3753 id
2307 3709 2406 3765 est,
2429 3717 2628 3767 procu-

1553 3783 1738 3832 ratoris
1773 3779 2122 3841 concordiam,
2142 3781 2244 3829 vim
2266 3787 2322 3829 et
2355 3785 2634 3830 contume-

1551 3858 1648 3909 lias
1688 3857 1832 3907 circa
1873 3856 2076 3920 praedas
2118 3862 2176 3906 et
2212 3862 2391 3920 raptus
2440 3856 2630 3919 legato

1553 3936 1892 4000 permittere.·
1908 3935 2135 3984 Pichena.
2176 3936 2291 3985 Non
2314 3936 2472 3996 culpo
2490 3933 2625 4001 Lip-

1552 4015 1614 4063 sii
1636 4014 2016 4063 correctiones:
2065 4015 2228 4077 magis
2252 4021 2426 4064 tamen
2446 4011 2625 4076 probo

1554 4091 1893 4154 posteriorem
1912 4106 1926 4140 ε
1965 4090 2163 4139 cumis
2182 4105 2366 4151 maus,
2384 4088 2629 4138 centurio:

1552 4166 1666 4219 πόει
1716 4169 1934 4229 ‹11th
1958 4171 2039 4232 ἣν.
2071 4168 2159 4217 Sic
2192 4167 2538 4228 nibilominus,
2558 4169 2623 4217 nt

1554 4244 1808 4308 accipiam
1824 4256 1933 4294 non
1943 4243 2123 4294 eodem
2138 4246 2290 4308 plane
2300 4252 2470 4295 sensu.
2492 4244 2622 4315 Ipse·

1552 4323 1948 4389 iuterpretatur,
1968 4326 2214 4389 tauquam
2240 4316 2370 4375 velit
2398 4329 2617 4375 auctor:
