3009 4942
511 363 690 437 Q

513 524 648 575 tinxi
693 528 891 591 puncto
932 522 1175 589 apposito
1212 529 1333 589 post
1368 522 1585 574 verbum

513 607 613 653 est:
646 616 763 653 uam
786 603 839 652 in
871 600 1091 666 vulgatis
1113 600 1450 650 continuabat
1471 615 1584 650 ora-

515 679 610 742 tio,
626 682 897 743 prosectdus
919 683 1009 739 est,
1023 679 1106 726 sed
1126 678 1247 740 ipsu.
1282 677 1534 726 Picbeua.

584 757 777 814 Quanto
788 756 955 818 futuri
969 756 1074 820 spe]
1096 755 1250 809 Quod
1270 756 1406 805 enim
1431 756 1583 805 istam

514 835 898 901 expeditionem
918 849 1105 900 susque
1120 835 1287 900 deque
1302 834 1584 897 habuisset,

511 908 632 965 inde
655 911 1037 975 conjectabant,
1068 910 1173 960 alia
1202 910 1362 961 multo
1385 910 1586 973 majora

514 1004 633 1040 eum
659 990 712 1039 iu
736 990 904 1039 auimo
927 988 1119 1038 babere
1143 1002 1346 1054 gerere,
1367 998 1423 1039 et
1444 986 1582 1038 futu-

512 1080 686 1117 rorum
743 1067 985 1133 claritate
1043 1066 1323 1129 prasentia
1369 1080 1583 1130 prorsus

512 1144 928 1194 obscuraturum.
970 1143 1257 1206 Virdungus.

578 1221 716 1271 Cu.
750 1224 831 1270 19.
884 1221 1066 1270 Puram
1116 1220 1287 1285 profici
1329 1221 1497 1284 mis,
1538 1220 1584 1270 si

510 1298 725 1366 inierit]
782 1298 1084 1350 Alexander
1124 1300 1263 1364 apud
1305 1300 1452 1350 Curt.
1492 1299 1583 1349 lib·

510 1389 640 1427 vus.
682 1377 698 1403 ‘
722 1377 845 1427 Nou
868 1384 948 1427 est
971 1377 1217 1428 diuturna
1240 1378 1513 1442 possessio,
1530 1378 1582 1426 in

513 1467 666 1518 quam
682 1453 852 1517 gladio
870 1453 1160 1504 inducimur
1178 1471 1192 1505 :
1217 1454 1581 1507 beneficiorum

510 1531 689 1593 gratia
731 1531 1051 1595 sempiterna
1096 1538 1195 1581 est.
1276 1533 1332 1582 Si
1389 1531 1582 1582 babere

511 1604 710 1670 Asiam,
755 1622 857 1658 uon
906 1607 1128 1657 transire
1175 1608 1426 1671 volumus,
1463 1622 1582 1659 cum

510 1682 590 1732 bis
616 1683 1043 1734 communicanda
1062 1692 1146 1733 est
1165 1690 1338 1737 nostra
1360 1685 1583 1733 clemen-

512 1758 620 1810 tia:
667 1759 848 1810 borum
871 1759 1002 1810 fides
1035 1759 1225 1811 stabile
1249 1767 1306 1813 et
1328 1768 1585 1812 aeteruum

509 1831 672 1884 faciet
691 1833 1002 1899 Imperium!
1044 1837 1332 1900 Virdnngas.

577 1909 764 1969 Statuit
793 1911 1031 1976 excidere]
1084 1913 1206 1963 Sive
1230 1915 1463 1978 excidere,
1487 1930 1584 1980 pro

510 1987 746 2036 recidere
784 1988 948 2052 legas,
992 1990 1119 2049 sive,
1163 1992 1456 2055 exscindere,
1493 2008 1585 2056 pa-

511 2078 626 2112 rum
651 2061 832 2114 refert.
872 2065 1148 2116 Rhenanus.

578 2140 724 2190 Nihil
756 2157 844 2205 per
884 2143 1075 2193 libertos
1109 2158 1356 2209 servosque
1381 2144 1588 2209 publice

508 2204 605 2281 rei]
640 2216 955 2268 subauditur
975 2235 1136 2285 ogere,
1156 2221 1213 2270 id
1244 2229 1351 2287 est,
1377 2223 1585 2290 neb-t.

511 2295 663 2345 Ideni.

510 2356 517 2367 '
576 2372 690 2421 Non
727 2373 1152 2438 αωαεεεφήυαιει]
1201 2374 1232 2405 ·
1256 2375 1452 2427 Livius.
1488 2379 1589 2433 Eo·

510 2447 630 2499 dem
653 2457 902 2514 spectant
918 2452 1130 2503 Arcadii
1154 2458 1210 2503 et
1230 2453 1448 2504 Honorii
1470 2471 1586 2506 ver-

509 2524 578 2575 ba
601 2525 669 2575 ad
686 2525 1019 2578 stiliconem:
1057 2532 1072 2557 ‘
1100 2530 1328 2581 Honoris
1348 2546 1587 2596 angmen-

511 2608 623 2651 tum
659 2616 762 2652 uou
798 2604 1098 2669 ambitione,
1134 2606 1228 2657 sed
1277 2608 1478 2671 labore,
1517 2610 1585 2661 ad

508 2692 924 2746 unumquemque
990 2683 1239 2735 convenit
1304 2684 1586 2739 devenire!

519 2753 813 2820 Virdangns.

577 2834 682 2883 Nec
718 2850 781 2884 ex
815 2837 1233 2902 commendatione]
1295 2839 1583 2903 Suspectus

507 2907 633 2977 mibi
657 2916 739 2961 est
762 2912 845 2960 bic
868 2914 1048 2964 locus:
1084 2929 1184 2965 uec
1206 2916 1343 2966 euim
1364 2932 1585 2982 operosa

507 2989 957 3040 commendatione
1006 2997 1097 3041 aut
1159 2993 1406 3055 precibus
1454 3010 1583 3059 opus

507 3071 643 3133 erat,
679 3074 741 3116 ut
776 3069 890 3132 quis
929 3069 984 3118 iu
1023 3072 1317 3136 gregarium
1361 3073 1581 3125 militem

510 3141 907 3195 adscisceretur.
940 3147 1045 3195 Vix
1062 3147 1260 3211 dubito,
1279 3151 1401 3214 quin
1421 3153 1583 3215 scrip·

506 3218 637 3269 serit
670 3220 914 3273 Tacitus:
962 3238 1048 3272 nec
1089 3240 1152 3274 ex
1188 3230 1585 3278 commendatione

505 3301 589 3346 aut
616 3297 838 3361 precibus
856 3300 1149 3350 centuriones
1183 3304 1390 3354 rnilitum
1413 3305 1584 3357 ascire.

508 3372 855 3424 Boxbornius.

573 3450 804 3501 Precibus
841 3452 1168 3504 centurionum
1198 3455 1379 3505 milites
1411 3456 1585 3521 accire]

509 3523 773 3575 Dauesius
828 3528 1071 3592 legebat:
1138 3531 1465 3582 centurionum
1506 3549 1583 3583 co-

512 3599 654 3649 mites
674 3604 914 3654 asciscere.
947 3604 1192 3657 Ursinus.

516 3726 523 3733 ,
578 3675 690 3725 Non
711 3679 869 3727 omnio
889 3683 1102 3747 exsequi]
1126 3684 1351 3736 Notabis
1370 3688 1584 3752 Exsequi

507 3748 595 3803 hic
618 3756 815 3817 valere,
834 3759 1020 3822 punire,
1034 3761 1196 3810 alcisci
1211 3777 1229 3810 .·
1260 3764 1399 3828 quod
1419 3764 1472 3812 iu
1489 3766 1584 3815 Su-

508 3831 670 3881 etonii
692 3832 852 3898 Julio,
874 3850 988 3900 cap.
1006 3841 1090 3888 67.
1123 3839 1343 3903 Vespas.
1364 3856 1482 3906 cap.
1499 3847 1581 3893 14.

509 3910 760 3977 Caligula,
795 3930 909 3979 cap.
932 3921 1011 3966 12.
1036 3917 1088 3967 in
1118 3919 1333 3983 Seneca,
1368 3926 1426 3970 et
1459 3921 1583 3972 alibi

508 3985 860 4041 observatum.
893 3991 1102 4052 Lipsius.

518 4118 527 4127 ‚
578 4064 695 4114 Non
725 4066 881 4115 omnio
901 4071 1116 4134 exsequi]
1168 4071 1230 4121 Id
1255 4080 1354 4137 est,
1379 4075 1580 4138 punire.

509 4137 601 4205 ξω,
640 4141 785 4191 Suet.
805 4142 915 4194 Jul.
954 4150 1038 4196 67.
1068 4161 1101 4195 a
1136 4163 1237 4212 quo
1264 4150 1487 4201 fortasse
1508 4151 1581 4201 A·

512 4215 714 4279 gricola
735 4218 921 4270 didicit
944 4222 1019 4273 sic
1043 4238 1100 4272 se
1118 4237 1336 4288 gerere:
1365 4229 1381 4255 ⁸
1403 4228 1580 4277 Delic-

509 4297 567 4347 ts
600 4306 771 4360 neque
811 4295 1125 4373 observabat
1163 4300 1355 4369 omnia,
1400 4318 1580 4373 neque

1218 380 1437 432 NOTAE
1483 379 1891 431 vamolwu
1941 379 2021 431 m

1661 538 1760 589 pro
1814 524 1966 575 modo
2014 524 2432 593 exsequebatur!
2505 521 2732 584 Tei-tuli.

1659 600 1907 652 adversus
1946 602 2269 652 Marcionem
2303 603 2338 652 1.
2373 617 2416 653 1.
2444 606 2529 654 ³⁷.
2561 602 2578 630 ‘
2601 602 2730 667 qnid

1661 678 1882 744 denique
1900 679 2212 740 adulantiusz,
2227 695 2380 743 quam
2402 679 2608 729 delicta
2628 693 2730 731 uon

1660 757 1926 822 exsequi?
1992 759 2210 808 Plautus
2228 760 2382 819 capt.
2419 771 2483 807 ιι.
2512 762 2560 809 1.
2625 758 2730 808 Ex·

1658 836 1792 898 sequi
1834 834 1934 885 alia
1967 836 2181 885 notione
2224 841 2472 900 usurpat:
2509 837 2526 864 ‘
2548 835 2604 884 Si
2642 835 2732 885 im-

1659 913 1902 962 mortales
1938 911 1989 961 id
2020 913 2229 962 voluere
2267 927 2357 963 vos
2392 912 2530 961 hanc
2550 926 2733 961 mrum·

1660 1004 1780 1039 uam
1816 990 2068 1055 exsequi!
2132 991 2378 1041 Moueam
2414 980 2736 1039 lectoremsi

1660 1066 1838 1115 abesse
1884 1066 2081 1129 optimo
2121 1064 2291 1115 codici
2344 1065 2426 1116 Cl.
2486 1063 2731 1128 Puteani,

1660 1142 1808 1206 cujus
1844 1141 1968 1190 mibi
2006 1143 2212 1206 copiam
2257 1140 2501 1191 fecerunt
2536 1141 2732 1190 lumina

1659 1219 1880 1270 Gallica:
1921 1220 2219 1284 juventutis
2260 1220 2351 1269 filii
2396 1220 2529 1284 ejus.
2596 1218 2732 1269 Scri·

1659 1294 1886 1345 bendum
1928 1310 2073 1361 ergo,
2117 1295 2231 1355 Dii,
2275 1301 2331 1345 et
2386 1295 2651 1359 mittatur,
2671 1295 2733 1359 ci,

1657 1373 2001 1423 Morbouiam.
2021 1373 2293 1424 chluius.
2326 1372 2577 1425 Quamvis
2593 1371 2730 1423 euim

1658 1451 1831 1503 omnia
1875 1457 2099 1516 peccata
2137 1451 2358 1501 militum
2404 1450 2590 1513 sciret,
2628 1463 2730 1501 nou

1657 1527 1779 1578 ideo
1800 1528 1968 1578 omnia
1989 1528 2259 1592 puniebat.
2317 1526 2639 1578 observavit
2662 1527 2730 1580 G.

1660 1604 1953 1666 Barclaius,
1990 1603 2058 1654 ab
2086 1604 2199 1653 aliis
2236 1604 2395 1654 etiam
2419 1610 2729 1668 usurpatum

1656 1681 1755 1731 boc
1775 1679 2008 1745 verbum,
2028 1682 2215 1748 exequi,
2236 1679 2381 1745 quasi
2403 1695 2498 1744 pro
2522 1680 2729 1744 punire.

1657 1758 1887 1809 Picheno.

1723 1837 1830 1889 Nec
1856 1851 1996 1901 poeno
2027 1834 2338 1900 semper-{sed
2374 1834 2556 1900 sapias
2581 1832 2734 1900 penu·-

1658 1909 1835 1975 tentio]
1869 1913 1972 1963 Hic
1993 1913 2137 1962 locus
2166 1926 2249 1961 me
2287 1910 2536 1961 admonet
2579 1915 2640 1960 ut
2672 1909 2730 1959 il-

1659 1990 1876 2041 lustrem
1909 1991 2000 2040 illa
2021 1990 2202 2040 Plauti
2240 1988 2490 2040 Bacchid.
2524 1989 2541 2016 ‘
2569 1988 2732 2039 Male-

1658 2064 1913 2117 factorem
1937 2067 2112 2117 amitti
2129 2068 2307 2128 satius,
2329 2082 2485 2132 quam
2510 2066 2732 2130 relinqui

1660 2143 1999 2195 beneficium:
2035 2144 2213 2195 Nimio
2235 2151 2453 2208 praestat
2476 2143 2732 2208 impendi·

1660 2236 1806 2272 osum
1829 2231 1904 2285 te,
1932 2235 2089 2287 quam
2128 2223 2390 2285 ingratum
2427 2220 2631 2282 dicier;
2664 2219 2733 2270 11-

1662 2298 1767 2346 lum
1788 2298 2077 2348 laudabunt
2096 2297 2236 2356 boni,
2272 2298 2409 2347 huuc
2431 2297 2599 2345 etiam
2631 2292 2731 2360 ipsi

1661 2372 1948 2436 culpabunt
1995 2374 2156 2431 mali!
2223 2374 2354 2427 Quae
2411 2371 2647 2423 tenebris
2700 2385 2733 2420 a

1662 2451 2150 2501 commentatoribus
2173 2466 2385 2516 aspersa
2406 2457 2544 2500 suut.
2579 2449 2733 2499 Lam-

1660 2529 1813 2580 binus
1834 2529 2171 2594 impendiosum
2188 2528 2461 2594 prodigum
2480 2528 2586 2577 dici
2603 2527 2736 2590 vult,

1660 2607 1756 2656 sed
1776 2607 1865 2671 qui
1887 2622 2004 2658 cum
2031 2605 2380 2671 superioribus
2419 2606 2734 2676 connecten-

1660 2684 1786 2733 tur?
1807 2690 1863 2733 et
1883 2698 1986 2749 quo
2008 2691 2168 2747 pacto
2191 2682 2256 2732 de
2280 2682 2501 2748 prodigo
2517 2681 2734 2731 verum?

1657 2761 1673 2787 ‘
1697 2760 1854 2810 Illum
1889 2760 2180 2812 laudabunt
2211 2760 2367 2824 boui,’
2398 2763 2500 2810 διο.
2571 2757 2730 2811 Quod

1659 2837 1714 2887 in
1754 2839 1958 2890 noxiam
1994 2841 2200 2893 missam
2236 2840 2519 2892 facientem
2553 2841 2733 2891 verius

1660 2920 1718 2966 et
1740 2916 2041 2967 concinnius
2064 2917 2225 2971 cadit.
2259 2918 2371 2968 Nos
2388 2918 2733 2982 inpendiosum

1657 2997 1978 3058 μεταφορικῶς
1997 3009 2092 3057 pro
2115 3009 2200 3056 eo,
2217 2995 2303 3060 qui
2337 2995 2528 3044 nimius
2552 3000 2641 3044 est
2676 2993 2734 3045 iu

1659 3071 2005 3136 ignoscendo:
2053 3071 2408 3122 Mnesilochus
2447 3071 2590 3120 euim
2625 3071 2732 3120 viso

1661 3147 1933 3212 Chrysalo,
1953 3149 2042 3214 qui
2062 3149 2163 3198 sibi
2185 3147 2387 3200 fecerat
2417 3148 2628 3212 argenti
2647 3161 2732 3198 co-

1659 3224 1820 3289 piam,
1835 3232 2009 3276 certus
2033 3224 2399 3277 benefaciendi
2418 3232 2602 3289 gratos
2623 3225 2732 3275 lau·

1661 3300 1776 3363 dat,
1796 3301 2129 3366 ingratosque
2153 3301 2463 3351 detestatur.
2518 3300 2730 3351 θαλίην.

1728 3379 1910 3445 Officiis
1943 3384 1993 3428 et
2036 3379 2528 3429 administrationibus
2563 3377 2732 3443 potius

1657 3471 1750 3507 non
1763 3457 2060 3521 peccaturos]
2106 3456 2357 3519 Subaudi,
2381 3456 2632 3517 ducebat,
2645 3454 2728 3505 vel

1659 3533 1922 3583 censebat.
1954 3533 2173 3584 Βλεπα.
2236 3534 2302 3582 V.
2342 3549 2391 3584 c.
2430 3538 2538 3583 est.-
2571 3532 2734 3599 efflet

1657 3614 1785 3662 adm.
1811 3627 2084 3676 praeponere
2118 3613 2276 3677 potius
2315 3628 2407 3662 non
2436 3617 2730 3677 peccaturos.

1661 3687 1790 3737 Cum
1815 3690 1869 3738 in
1888 3689 2110 3751 vulgatis
2151 3686 2290 3737 desit
2312 3688 2528 3738 verbum
2545 3702 2730 3752 prepo-

1657 3781 1787 3829 nere,
1809 3781 1906 3831 pro
1927 3781 2029 3832 quo
2053 3767 2184 3816 alius
2227 3767 2361 3817 liber
2399 3766 2579 3830 babet,
2604 3780 2734 3830 pre·

1605 3875 1620 3882 ο
1643 3843 1815 3909 ficere,
1840 3850 1898 3893 ut
1933 3844 2055 3893 alibi
2093 3843 2231 3908 apud
2268 3845 2507 3894 Tacitum
2541 3859 2629 3895 vv.
2650 3858 2733 3894 cc.

1658 3920 1841 3971 eodem
1872 3921 1986 3971 loco
2009 3920 2219 3984 quidam
2250 3922 2469 3983 babent,
2483 3938 2733 3986 prepone-

1658 4011 1728 4059 re,
1753 3997 1961 4062 quidam
1979 3998 2238 4064 proeficere.
2290 3998 2462 4049 Ursin.
2533 4001 2731 4051 Corne·

1659 4073 1757 4122 lius
1779 4075 1948 4123 solens
1970 4074 2043 4122 ibi
2068 4075 2280 4124 verbum
2312 4076 2617 4140 supprimit,
2643 4073 2733 4128 ubi

1657 4165 1754 4215 per
1772 4167 1829 4200 se
1842 4152 1906 4200 de
1929 4160 2179 4201 contextu
2198 4151 2394 4215 prodit.
2426 4152 2570 4204 Anu.
2593 4154 2631 4205 l.
2649 4166 2734 4205 ιι.

1658 4228 1675 4255 ‘
1700 4229 1787 4278 De
1819 4244 1877 4279 se
1904 4229 2128 4293 Nouius,
2147 4229 2384 4281 conscios
2401 4245 2509 4282 uon
2526 4229 2733 4284 edidit:

1655 4305 1748 4372 Et,
1778 4305 1798 4335 ‘
1834 4304 1916 4359 At
1956 4307 2196 4359 Britanni
2236 4322 2341 4361 non
2382 4308 2585 4365 virtute
2627 4307 2732 4362 sed
