3009 4942
467 420 646 497 4292

468 586 729 639 sententia
749 587 795 639 si
811 586 887 640 sic
907 587 1224 655 distinguas:
1260 589 1277 619 ‘
1303 605 1405 655 quo
1423 605 1534 641 cer·

467 667 620 717 tatim
649 668 813 717 omnis
831 667 995 718 iniens
1036 669 1371 733 magistratus
1403 671 1530 734 (coe-

464 742 567 793 teri
619 743 930 794 senteutiam
986 743 1323 810 rogabantur)
1381 745 1527 795 Deos

464 823 630 871 testes
671 819 977 872 advocabat.
1069 820 1212 872 Nihil
1252 819 1386 885 ope,'
1431 825 1528 875 διο.

464 895 686 949 Βλεηωι.

528 973 754 1023 Nomium
791 973 1070 1037 Aetianum]
1135 974 1265 1036 Nos,
1318 974 1527 1024 Nonium

462 1049 579 1102 Act.
620 1049 772 1115 Item,
806 1050 870 1100 In
898 1050 1080 1100 Vibium
1105 1051 1341 1116 Crispum.
1390 1052 1526 1102 Rbe-

461 1139 645 1179 natiue.

529 1203 860 1255 Scribonianos
868 1202 1077 1267 fratres]
1111 1201 1248 1253 Vide
1270 1203 1523 1268 Xiphilin.

462 1281 691 1333 Nerone.
753 1283 905 1333 Savil.

528 1358 663 1409 CAP.
683 1364 767 1410 42.
800 1359 998 1425 Aquilio
1031 1358 1237 1422 Regulo]
1288 1360 1383 1409 Est
1419 1373 1523 1409 om-

458 1434 581 1485 nino
604 1436 691 1486 ille
715 1437 965 1501 Regulus,
986 1437 1160 1486 Plinio
1189 1437 1241 1485 in
1276 1436 1522 1500 Epistolis

458 1513 789 1563 meritissimo
801 1512 1121 1578 flagellatus,
1153 1520 1208 1563 et
1238 1514 1361 1562 alibi
1396 1516 1412 1542 ‘
1434 1515 1521 1564 Bi-

457 1589 652 1654 pedum
674 1590 1031 1656 nequissimus'
1054 1591 1240 1641 dictuS.
1279 1591 1523 1642 Observa

458 1680 584 1730 ergo
609 1668 675 1718 de
708 1668 958 1718 Messalla
980 1668 1323 1717 diversissimo
1343 1666 1519 1719 fratre.

456 1742 667 1806 Lipsius.

520 1818 716 1882 Sponte
720 1835 781 1868 ex
799 1819 854 1868 S.
879 1821 937 1869 C.
941 1819 963 1882 ]
1000 1820 1121 1869 Nou
1146 1819 1211 1868 de
1235 1819 1394 1869 nihilo
1416 1834 1520 1870 am-

452 1891 588 1959 bigit
632 1895 925 1947 Rhenanus.
989 1896 1045 1945 Si
1088 1896 1227 1946 enim
1270 1911 1336 1947 ex
1380 1899 1433 1947 S.
1456 1898 1518 1947 C.

455 1970 633 2035 subiit,
688 1973 944 2037 quomodo
989 1974 1212 2037 sponte?
1280 1975 1518 2037 Divinat,

452 2045 629 2111 sponte
666 2064 726 2098 ex
767 2066 835 2099 se.
917 2050 1073 2099 Haud
1116 2051 1313 2114 inepte.
1377 2053 1519 2106 Quid

449 2124 512 2186 si,
531 2125 729 2190 Sponte,
749 2142 832 2177 nee
853 2127 931 2177 Sc.
945 2124 972 2176 12
1034 2126 1263 2191 Lipsius.

517 2201 692 2266 Sponte
724 2219 785 2252 ex
808 2203 861 2254 S.
884 2204 941 2254 C.
964 2205 1301 2254 accusationem
1321 2206 1517 2270 subisse]

450 2277 586 2327 Haec
609 2280 769 2329 verba
804 2280 1098 2344 significant
1128 2284 1515 2332 accusationem

452 2355 756 2406 Crassorum
797 2373 861 2407 ex
908 2373 980 2408 sc.
1038 2358 1317 2418 decretam,
1361 2375 1513 2424 quam

449 2439 637 2496 sponte
692 2434 910 2484 subierit
965 2434 1205 2499 Aquilius
1262 2436 1510 2500 Regulus.

447 2509 656 2576 Alioqui
679 2514 927 2577 legerem,
946 2519 1109 2577 sponte
1146 2529 1206 2563 ex
1239 2529 1290 2563 se
1324 2530 1512 2564 accusa-

445 2587 622 2637 tionem
640 2590 833 2639 subisse.
870 2591 1105 2640 Rhenau.
1170 2591 1347 2639 Possis
1368 2591 1512 2640 facil-

445 2664 568 2713 lime
603 2665 884 2715 emendare
919 2666 1202 2714 insertione
1237 2665 1510 2729 particulae

446 2743 710 2807 negantis:
762 2743 955 2808 Sponte,
991 2760 1083 2793 non
1121 2759 1183 2794 ex
1217 2745 1274 2794 S.
1311 2745 1369 2794 C.
1409 2747 1510 2796 nisi

448 2819 589 2884 quod
618 2821 743 2870 mibi
783 2828 1051 2871 structura
1081 2822 1330 2872 orationis
1353 2824 1509 2874 aliam

443 2897 595 2959 plane
631 2898 808 2946 harum
839 2913 1020 2948 vocum
1065 2898 1241 2948 sedem
1278 2905 1333 2948 et
1356 2899 1510 2964 origi-

445 2987 561 3022 nem
584 2975 846 3038 requirere
870 2974 1092 3025 videtur.
1160 2977 1335 3039 Lego:
1372 2993 1508 3026 accu-

440 3051 669 3098 sationem
689 3051 884 3100 subiisse
907 3051 1101 3111 juvenis
1131 3054 1394 3115 admodum,
1415 3070 1508 3105 non

440 3141 504 3174 ex
527 3126 583 3181 S.
609 3128 665 3176 C.
686 3129 768 3176 sed
783 3134 945 3190 sponte
957 3144 976 3186 ,·
1008 3143 1092 3177 nec
1124 3130 1398 3192 depellendi,
1420 3135 1502 3195 ᾅτ.

442 3203 589 3254 Nihil
634 3204 840 3268 quidem
885 3205 959 3257 ita
1002 3207 1259 3257 sententia
1303 3208 1500 3271 pariter

441 3286 497 3329 et
529 3282 763 3332 oratione
789 3282 988 3345 planius
1026 3285 1343 3348 pleniusque.
1386 3286 1501 3336 Aci-

435 3358 607 3410 dalius.
671 3361 889 3423 Semper
917 3360 1070 3410 habui
1105 3362 1233 3410 illud
1270 3377 1333 3411 ex
1358 3362 1413 3411 S.
1440 3366 1499 3413 C.

437 3450 535 3498 pro
572 3439 754 3487 scribae
789 3437 1058 3502 figmento.
1127 3439 1287 3490 Initio
1319 3441 1500 3505 aliquis

438 3512 785 3576 adscripserat
808 3515 857 3563 ei
883 3523 1042 3579 sponte
1078 3517 1499 3581 interpretatiun-

438 3589 625 3650 culam,
649 3606 710 3637 ex
730 3606 798 3650 se,
821 3593 957 3654 quod
981 3609 1096 3641 cum
1128 3595 1280 3643 alteri
1305 3595 1501 3645 videre-

436 3668 521 3713 tur
543 3667 806 3727 mendum,
838 3667 1082 3719 formavit
1120 3670 1241 3718 iude
1276 3672 1411 3723 exS.
1438 3674 1497 3720 C.

432 3739 699 3805 ingeniose
725 3743 950 3806 quidem,
980 3745 1022 3792 si
1056 3761 1156 3794 uon
1185 3755 1378 3808 praeter
1399 3749 1497 3797 his-

433 3820 619 3876 toriam
644 3828 696 3869 et
720 3831 946 3870 mentem
977 3824 1223 3871 auctoris.
1295 3825 1495 3876 Gruter.

498 3895 860 3962 Appetitumque
883 3898 1059 3961 morsu]
1096 3900 1366 3963 Copulam,
1389 3918 1493 3966 que,

433 3971 611 4022 addidi
630 3989 692 4022 ex
719 3976 857 4024 Flor.
931 3976 1157 4025 Pichena.
1457 4014 1464 4021 -

496 4053 597 4099 Aut
628 4054 834 4103 salutem,
859 4055 941 4102 illa
972 4053 1179 4118 saevitia]
1212 4055 1292 4103 Ex
1331 4052 1491 4104 ductu

430 4125 699 4189 scripturae
736 4129 1000 4177 Vaticanae
1047 4130 1273 4178 restitui.
1354 4131 1490 4179 Nam

428 4198 524 4261 ibi,
538 4217 623 4250 nee
638 4204 920 4265 dignitatem
935 4206 1102 4253 hausta
1118 4207 1269 4255 litem.
1301 4207 1491 4270 Vulgo,

427 4288 512 4324 nec
534 4277 815 4337 dignitatem
836 4285 918 4328 aut
940 4280 1034 4328 ista
1054 4283 1215 4331 lucem.
1284 4281 1423 4345 Lips.

494 4349 714 4403 Salutem
745 4355 830 4404 illa
858 4355 1047 4405 soevitia
1075 4355 1339 4422 redonisti]
1370 4358 1490 4408 Mu·

1164 448 1383 503 NOTAE
1429 448 1835 501 vammum
1885 451 1965 501 m

1605 596 1768 655 retus,
1785 592 1896 643 ista.
1964 588 2286 643 Acidalius.‘“
2668 645 2673 648 ,

1670 668 1805 718 Inter
1842 669 2098 719 creditores
2139 670 2277 732 bona,
2314 670 2542 733 nondum]
2578 662 2692 737 Sic]

1603 742 1894 808 distingue:
1942 745 2198 796 creditores
2243 746 2379 796 bona.
2445 748 2668 798 Nondum

1602 822 1945 885 honorum‚t§·c.
2017 825 2220 875 Acidal.
2650 846 2657 857 ²

1665 898 1948 962 Septuagies
1979 900 2196 949 sestertio
2228 901 2469 965 signans]
2508 903 2664 952 Vole-

1598 974 1716 1025 bam
1749 977 2005 1037 dignatus:
2039 985 2098 1025 ut
2134 977 2183 1024 iu
2210 977 2460 1041 Virgilio:
2495 979 2511 1006 ‘
2536 979 2669 1028 Con·-

1588 1052 1738 1116 jugio
1759 1053 1990 1103 Anchisa
2015 1054 2233 1102 Veneris
2255 1053 2468 1117 dignate
2486 1069 2664 1118 super-

1593 1128 1720 1179 -z’bo
1752 1137 1807 1179 et
1832 1131 1945 1195 ipso
1962 1131 2085 1179 alibi
2110 1131 2381 1180 Cicerone.
2431 1131 2507 1180 At
2527 1146 2665 1182 nunc

1599 1204 1777 1268 placet
1799 1208 1958 1271 magis
1985 1206 2172 1256 Faerni
2196 1207 2521 1272 conjectura,
2541 1210 2669 1269 sagi·

1597 1286 1756 1333 natus.
1826 1285 2047 1348 Lipsius.

1663 1359 1850 1423 Septies
1902 1361 2074 1409 millies
2126 1359 2363 1423 sestertio]
2445 1361 2512 1410 Id
2568 1367 2667 1425 est,

1597 1439 1796 1501 54,687.
1822 1437 1911 1487 lib.
1938 1441 2015 1485 lo.
2038 1443 2088 1485 5.
2111 1438 2389 1499 sterlingis.
2459 1438 2611 1489 Savil.
2740 1486 2743 1487 a

1661 1510 1895 1575 Signatus
1909 1519 1956 1562 et
1975 1515 2233 1563 sacerdotio
2244 1513 2471 1576 fulgens]
2492 1516 2665 1580 Forte,

1595 1589 1884 1651 designatus,
1919 1594 1999 1653 ὅτ.
2054 1590 2348 1640 RhenauuS.
2432 1592 2662 1643 Faernus

1597 1663 1825 1727 legebat,
1846 1666 2112 1727 saginatus,
2134 1667 2269 1733 quod
2292 1682 2393 1716 nou
2419 1668 2665 1733 displicet

1597 1740 1662 1789 ob
1685 1756 1765 1804 ea,
1786 1757 1901 1806 quae
1933 1742 2258 1805 praeceduut.
2299 1744 2517 1793 Ursinus.
2572 1744 2662 1794 Vi-

1596 1817 1819 1868 deudum
1856 1833 1920 1867 an
1955 1822 2196 1880 signatum
2232 1818 2449 1868 Tacitus
2471 1820 2665 1870 dixerit

1598 1909 1693 1959 pro
1735 1894 1987 1958 insignem
2025 1895 2110 1944 vel
2150 1895 2485 1958 insignitum:
2542 1911 2661 1946 nam

1598 1969 1735 2035 quod
1776 1971 2008 2020 eruditus
2060 1972 2142 2024 vir
2182 1971 2410 2034 dignatus
2453 1974 2663 2036 reponit

1594 2047 1747 2097 valde
1771 2045 2024 2112 placeret,
2056 2048 2098 2097 si
2131 2048 2266 2113 quod
2307 2049 2462 2099 istius
2485 2050 2662 2113 digua-

1596 2125 1748 2175 tiouis
1779 2140 1840 2175 ac
1879 2126 2207 2177 liberalitatis
2245 2141 2276 2175 a
2320 2127 2533 2176 Nerone
2572 2134 2661 2178 aut

1594 2203 1694 2252 alio
1711 2205 1761 2251 in
1785 2204 2062 2254 Messalam
2078 2205 2279 2252 conatae
2302 2204 2659 2254 testimonium

1592 2280 1855 2331 ederetur.
1892 2281 1978 2331 Fr.
2002 2280 2352 2330 Hotomannus.
2396 2281 2502 2330 Hic
2518 2274 2660 2330 meu·

1591 2355 1713 2405 dum
1736 2357 2019 2406 tollendum
2039 2364 2136 2407 est.
2200 2358 2323 2407 Siue
2359 2358 2466 2407 ullo
2498 2356 2658 2407 dubio

1588 2434 1803 2497 legimus
1843 2437 2113 2499 septuagies
2143 2435 2360 2485 sestertio
2391 2436 2656 2498 saginatus.

1585 2514 1699 2564 Jos.
1715 2513 1962 2577 Scaliger.
2013 2513 2155 2562 Libri
2172 2526 2347 2562 omnes
2365 2520 2422 2563 et
2442 2513 2577 2562 Mss.
2601 2518 2659 2562 et

1586 2589 1714 2639 editi
1738 2605 1913 2643 omnes
1941 2589 2270 2639 consentiunt
2302 2588 2360 2636 in
2394 2603 2541 2653 voce,
2558 2588 2658 2650 sig-

1583 2670 1748 2715 natus.-
1784 2681 1847 2714 ex
1872 2679 1973 2730 qua
2006 2665 2208 2728 Lipsius
2249 2663 2558 2727 conjectura
2580 2662 2655 2713 fe-

1586 2742 1681 2803 cit,
1703 2744 1951 2804 dignatus.
2004 2743 2113 2804 Ego
2136 2740 2262 2789 nibil
2282 2740 2480 2802 malim,
2499 2754 2653 2805 quam

1586 2835 1703 2871 cum
1759 2819 1960 2869 Faiirno
2014 2817 2310 2881 restituere,
2367 2817 2656 2879 sag-inatus,-

1586 2896 1723 2961 quod
1762 2912 1928 2960 nuper
1965 2895 2104 2945 idem
2145 2895 2349 2959 Lipsius
2388 2893 2651 2957 probavit.

1585 2975 1812 3024 Pichena.

1646 3050 1836 3100 Invenit
1858 3051 2003 3100 etiam
2020 3049 2208 3098 cemtdos
2227 3046 2398 3106 infelix
2412 3045 2651 3110 nequitia]

1581 3126 1854 3176 Generalis
1891 3133 1973 3175 cst
2003 3125 2267 3175 sententia
2305 3138 2410 3174 uon
2446 3123 2514 3171 ad
2547 3124 2651 3172 Re-

1580 3204 1755 3267 gulum
1780 3204 1946 3252 solum
1979 3203 2233 3260 restricta,
2261 3201 2361 3250 etsi
2387 3200 2454 3249 ad
2476 3200 2651 3264 ipsum

1577 3278 1661 3328 bic
1719 3281 1898 3328 relata.
1984 3279 2170 3342 Itaque
2225 3291 2329 3326 non
2373 3276 2651 3340 praeterito

1578 3363 1835 3421 tempore,
1880 3356 1972 3406 sed
2008 3354 2254 3419 praesenti
2285 3352 2541 3416 accipiam
2573 3354 2650 3403 in-

1575 3435 1735 3492 venit,
1727 3450 1739 3463 ·
1771 3440 1828 3483 et
1872 3433 2183 3497 particulam
2217 3431 2361 3480 etiam
2401 3430 2645 3494 sequenti

1576 3510 1691 3559 voci
1714 3518 2038 3573 postponam.
2087 3509 2260 3570 Lege:
2295 3506 2480 3556 invenit
2499 3521 2648 3556 mnu-

1575 3588 1642 3637 tos
1664 3589 1827 3649 etiam,
1845 3590 1928 3649 ξε.
1994 3580 2202 3636 Acidal.
2668 3602 2675 3609 ·

1645 3667 1947 3716 Consularem
1985 3665 2135 3714 visuri
2178 3663 2360 3727 sumus]
2416 3634 2646 3727 Lipsius,

1573 3743 1753 3791 ausuri.
1820 3741 1893 3791 At
1918 3741 2127 3802 vulgata
2150 3740 2308 3788 lectio
2332 3739 2456 3788 mibi
2477 3738 2645 3804 magis

1573 3819 1845 3882 probatur.
1914 3818 2076 3868 Quasi
2101 3817 2272 3865 dicat·
2308 3817 2363 3865 Si
2389 3832 2509 3866 eum
2536 3830 2644 3866 non

1572 3897 1895 3960 pervertitiS,
1911 3895 2002 3944 fiet
2024 3896 2182 3943 etiam
2202 3894 2415 3942 Praetor
2433 3899 2488 3943 et
2508 3893 2644 3943 Cou-

1570 3974 1667 4037 sul,
1689 3974 2039 4038 majoremque
2080 3972 2366 4035 potentiam
2396 3986 2643 4036 asseque-

1571 4059 1675 4101 tur.
1719 4051 1865 4102 Alias
1889 4065 1991 4098 non
2014 4049 2252 4108 dixisset,
2271 4049 2434 4096 ausuri
2457 4062 2639 4111 sumus,

1567 4129 1677 4187 sed,
1700 4128 1983 4179 audebimus.
2051 4128 2302 4176 Pichena.

1636 4205 1884 4268 Exempla,
1915 4219 2054 4267 quam
2093 4204 2264 4266 mores]
2309 4202 2525 4266 Inepta·
2544 4206 2637 4251 aut

1565 4280 1711 4329 nihili
1729 4281 2009 4332 sententia.
2045 4278 2366 4341 Rudolphus,
2384 4293 2526 4341 quam
2556 4278 2637 4326 ho·

1565 4357 1731 4408 mines.
1812 4358 1908 4407 Vis
1951 4355 2016 4406 ad
2061 4370 2241 4406 verum
2284 4353 2446 4406 duci?
2496 4354 2636 4420 lege,
