3009 4942
528 417 714 484 3794

534 577 688 640 sium,
725 577 991 641 explosum
1033 577 1178 628 satis.
1242 577 1598 641 Reprehendit

522 654 717 715 etiam,
757 653 895 717 qnod
950 660 1192 716 posuerat
1241 655 1484 703 Ferretus
1531 669 1597 703 ex

517 730 799 792 eSuetonio,
837 730 1107 780 seditiosos
1143 731 1339 794 aeqnari
1380 733 1597 780 voluisse

533 809 894 873 praetorianis:
932 809 995 858 de
1033 809 1345 858 Germanico
1377 810 1512 858 enim
1543 809 1595 858 id

533 884 657 946 dici,
677 899 777 933 non
801 884 868 933 de
883 886 1184 935 Pannonico
1206 888 1435 936 exercitu
1457 903 1469 935 :
1505 886 1595 935 sed

529 960 643 1024 ipse
662 960 914 1025 deceptus
939 971 1018 1011 est
1043 977 1205 1025 prava
1233 965 1459 1013 lectione
1483 979 1596 1012 ver-

514 1039 711 1091 'borum
732 1039 988 1097 Suetonii,
1010 1054 1125 1104 quse
1148 1040 1451 1089 Torrentius
1483 1055 1595 1090 cor·

450 1168 455 1175 ,
529 1116 683 1166 rexit.
751 1118 864 1165 Nec
902 1130 1022 1165 vero
1059 1130 1266 1165 necesse
1297 1123 1379 1164 est
1411 1117 1596 1165 Sueto-

527 1191 670 1243 nium
694 1199 749 1241 et
769 1192 1006 1240 Tacitum
1041 1191 1176 1240 idem
1212 1205 1307 1255 per
1329 1193 1496 1240 omnia
1520 1192 1593 1241 di-

529 1281 687 1317 cere:
723 1268 938 1318 tradidit
975 1270 1110 1317 euim
1137 1277 1375 1334 uterque,
1398 1269 1539 1333 quod
1565 1285 1592 1318 a

527 1342 633 1392 auis
655 1344 951 1393 auctoribus
980 1346 1204 1407 accepit.
1225 1344 1254 1374 ⁴¹*
1291 1345 1574 1398 Gronovius.

592 1421 728 1470 Hinc
780 1427 971 1482 testem,
1013 1421 1169 1485 orma]
1235 1423 1397 1473 Vides
1451 1440 1596 1489 ergo,

524 1502 680 1546 aucto
701 1512 732 1546 a
751 1496 893 1549 Julio
930 1490 1012 1545 v‘el
1041 1497 1107 1546 ab
1131 1498 1366 1560 Augusto
1399 1501 1593 1564 stipen-

527 1571 634 1636 dio,
657 1572 958 1635 abrogatam
991 1574 1129 1622 illam
1159 1575 1382 1625 Gracchi
1406 1578 1593 1641 legem,

524 1664 628 1714 qua
648 1650 800 1698 militi
820 1665 851 1698 e
875 1650 1080 1714 publico
1104 1660 1301 1702 vestem
1338 1652 1449 1703 dari
1479 1655 1591 1719 jus-

522 1725 609 1788 sit,
650 1726 761 1775 sine
800 1727 903 1775 ulla
946 1727 1197 1791 stipendii
1248 1729 1588 1781 detractione.

524 1799 681 1851 Quod
703 1798 912 1870 fugerat
932 1816 1015 1851 me
1038 1803 1313 1852 admonere
1346 1805 1398 1853 in
1437 1807 1589 1855 Elec-

508 1878 607 1940 ‘tis,
637 1893 754 1943 cap.
794 1878 861 1927 de
895 1879 1175 1943 stipendio.
1244 1881 1492 1947 Ambigas
1515 1889 1587 1932 ta-

521 1967 640 2003 men
666 1969 732 2003 an
766 1956 932 2005 secuti
970 1956 1230 2021 principes
1267 1957 1455 2008 iterum
1484 1974 1588 2009 non

504 2030 824 2081 ‘reduxerint
847 2031 1075 2082 Gracchi
1104 2034 1201 2083 hac
1225 2042 1376 2099 parte
1397 2037 1585 2101 legem.

518 2106 844 2172 Lampridius
858 2118 1003 2160 certe
1019 2112 1073 2160 in
1091 2110 1410 2166 Alexandro:
1446 2116 1463 2144 6
1482 2117 1586 2167 Do·

517 2183 700 2247 navit,'
724 2184 909 2250 inquit,
931 2188 946 2215 ‘
973 2192 1029 2236 et
1051 2202 1247 2253 ocreas,
1265 2197 1320 2239 et
1352 2191 1583 2257 braccas,

518 2265 575 2308 et
598 2261 944 2313 calciamenta
965 2263 1102 2313 inter
1125 2266 1428 2316 vestimenta
1451 2268 1585 2318 mili·

515 2335 697 2384 taria:’
729 2342 785 2386 et
809 2345 929 2400 post
948 2339 1002 2388 in
1039 2354 1261 2403 persona
1282 2343 1544 2408 Principis
1567 2362 1581 2395 ε

512 2410 529 2438 ‘
554 2411 657 2464 Qui
695 2420 967 2478 acceptam
1001 2431 1031 2465 a
1068 2418 1470 2480 provincialibus
1496 2435 1582 2470 au-

514 2502 718 2553 nonam,
738 2491 824 2555 qui
848 2498 1064 2554 vestem,
1098 2496 1188 2558 qui
1209 2494 1469 2558 stipendia
1491 2511 1579 2546 vo·

511 2562 592 2613 bis
617 2566 891 2616 attribuit!
924 2568 1134 2631 Lipsius.

583 2640 858 2691 vacationes
879 2644 1142 2708 munerum]
1166 2645 1378 2711 'Scripsi
1410 2662 1473 2698 ea
1510 2649 1577 2699 de

510 2728 568 2763 re
591 2714 655 2763 ad
679 2715 838 2765 libros
861 2718 1233 2769 Historiarum.
1272 2722 1424 2772 Idem.

494 2798 499 2801 ⁴
572 2790 834 2839 Proemium
848 2793 1073 2857 pecunia]
1111 2795 1280 2846 Quale
1316 2797 1455 2847 istud
1488 2814 1578 2862 pe-

506 2866 791 2917 cuniarium
831 2870 1132 2932 praemium?
1198 2873 1334 2923 Pete
1375 2876 1441 2926 ab
1477 2877 1577 2927 Ex-

486 2949 649 2992 ‘curs.
683 2945 895 3009 nostris,
916 2947 968 2996 in
996 2947 1062 2998 G.
1131 2947 1294 3000 Idem.

572 3022 692 3078 Quoe
713 3021 844 3072 binos
863 3024 1082 3073 denarios
1112 3026 1398 3092 acceperint]
1445 3029 1574 3081 Sim-

502 3096 687 3159 plicius
708 3096 882 3148 forsan
911 3102 1193 3164 acciperent,
1217 3103 1356 3167 quod
1387 3107 1574 3171 margi·

500 3171 652 3222 nibus
675 3174 911 3225 allinunt.
925 3175 954 3205 ⁴¹*
1028 3178 1313 3229 Gronovius.

484 3254 491 3259 ’
567 3252 689 3308 Quoe
724 3259 829 3316 post
869 3256 1108 3305 sexdecim
1146 3257 1315 3321 annos]
1366 3260 1566 3324 Lapsus

499 3341 624 3391 ergo
656 3329 785 3392 Dio,
824 3330 912 3394 qui
947 3333 982 3380 Ι.
1003 3345 1113 3383 mr.
1153 3333 1346 3385 diserte
1384 3337 1568 3402 tradit,

495 3401 789 3467 Augustum
830 3405 1073 3455 definisse
1112 3423 1269 3458 annos
1293 3411 1564 3462 Praetoriis

477 3480 789 3530 'cohortibus
828 3480 1120 3547 duodecim,
1154 3484 1266 3533 aliis
1313 3485 1562 3539 sedecim.

494 3551 609 3603 Nisi
662 3559 836 3604 tamen
883 3556 936 3605 id
982 3558 1250 3608 decretum
1305 3568 1558 3613 mutatum

491 3635 690 3693 postea,
709 3646 842 3682 anno
864 3647 1122 3686 nchvm.
1156 3637 1310 3688 Quod
1336 3647 1558 3703 apparet

490 3720 556 3757 ex
589 3708 771 3757 eodem
805 3711 999 3772 Dione,
1035 3714 1067 3762 Ι.
1093 3726 1177 3765 ΙΝ.
1216 3715 1304 3764 ubi
1327 3716 1392 3764 de
1426 3732 1557 3781 prae-

487 3784 603 3833 ruiis
626 3784 957 3848 militaribus;
992 3791 1268 3852 quem-adi.
1302 3792 1515 3856 Lipsius.

551 3859 658 3909 Sibi
680 3865 836 3909 tumen
857 3865 982 3924 apud
1003 3864 1241 3928 horridas]
1274 3867 1551 3921 Rhenanus

485 3934 614 3998 legit
631 3935 700 3984 ibi
720 3941 893 3987 tamen.
960 3938 1034 3988 At
1057 3940 1404 4002 perfamiliare
1433 3959 1547 3995 esse

480 4013 668 4063 Tacito
699 4016 792 4065 sibi
829 4032 924 4081 pro
959 4034 990 4067 a
1024 4034 1099 4083 se,
1134 4021 1251 4070 mihi
1275 4037 1370 4086 pro
1392 4039 1422 4074 a
1446 4039 1548 4086 me,

468 4090 578 4143 ὅτε.
618 4102 865 4145 sexcenta
903 4098 1040 4161 apud
1086 4099 1251 4163 ipsum
1306 4105 1547 4167 exempla

466 4179 471 4183 ·
479 4168 721 4232 probant.
786 4173 1012 4226 Pie-hena.

512 4242 647 4295 ΟΑΡ.
663 4249 742 4296 18.
785 4246 938 4299 Simul
971 4256 1230 4312 congerant
1259 4254 1477 4317 cespites]
1511 4256 1543 4286 ⁸

1228 433 1446 484 1801*AE
1491 433 1829 486 vAmolw
1842 435 1897 484 Μ
1947 434 2027 484 m

1672 593 1727 628 ra
1749 592 1953 643 parens,
1969 577 2066 627 hoc
2083 574 2501 640 cespite-turmas
2514 573 2740 629 Act-nv

1673 656 1973 705 Ammianus
2027 656 2063 705 l.
2104 667 2278 704 xxm.
2334 657 2351 683 6
2376 655 2500 718 Ipse
2541 668 2738 717 aggere

1673 734 1863 796 glebali
1886 734 2148 789 assistens,
2171 746 2462 795 coronaque
2480 733 2738 783 celsamm

1673 808 2020 858 circumdatus
2046 814 2380 872 potestatum,
2406 810 2527 856 talia
2547 821 2637 857 ore
2659 821 2743 857 aed

1673 897 1800 932 reno
1820 882 2095 932 disseruit?
2160 884 2467 934 Claudianus
2498 883 2563 932 de
2601 883 2737 933 bello

1672 959 1897 1009 Getico:
1932 963 1949 988 6
1976 959 2148 1009 Dictis
2166 967 2288 1008 ante
2306 967 2475 1008 tamen
2497 960 2739 1022 princeps

1671 1034 1939 1085 confirmat
1963 1037 2139 1094 ituros,
2163 1034 2376 1098 Aggere
2397 1035 2736 1098 conspicnu⁸3

1670 1122 1777 1163 stat
1801 1112 2111 1164 circumfusa
2128 1115 2377 1177 juventus
2400 1114 2449 1163 N
2456 1118 2537 1162 ixa
2559 1113 2738 1175 hastis,

1671 1203 1963 1254 pronasque
1985 1187 2135 1238 ferox
2160 1189 2516 1239 accommodat
2552 1185 2739 1239 aures!

1677 1265 1882 1328 Lipsitoe.

1735 1342 2108 1404 Proper-antibus
2158 1343 2349 1392 Blaesus
2398 1341 2611 1404 aduxit]
2679 1341 2736 1390 Si

1667 1415 1853 1466 fuisset
1877 1419 1927 1466 in
1954 1418 2107 1468 unico
2121 1419 2251 1467 libro
2278 1418 2617 1481 operantibus,
2629 1431 2734 1469 non

1653 1497 1785 1563 vhuic
1842 1497 1979 1546 istud
2054 1494 2375 1560 praeferrem.
2460 1492 2736 1553 Suetonius

1669 1573 1917 1623 Claudio:
1952 1576 1968 1602 6
1986 1574 2217 1623 canalem
2252 1573 2473 1622 absolvit
2496 1585 2656 1636 aegre,
2677 1575 2735 1620 et

1669 1656 1787 1715 post
1807 1650 2044 1700 undecim
2083 1664 2263 1710 annos,
2300 1648 2529 1713 quamvis
2565 1646 2736 1697 conti·

1666 1728 1778 1777 nnis
1813 1727 2024 1792 triginta
2064 1726 2326 1777 hominum
2365 1725 2588 1797 millibus
2617 1725 2732 1774 sine

1665 1803 2042 1852 intermissione
2084 1800 2455 1867 operantibus?
2533 1801 2732 1850 Noster

1662 1877 1834 1929 infrat
1866 1879 1882 1907 6
1910 1879 2170 1929 Miscetur
2190 1878 2512 1945 operantium
2537 1877 2734 1929 bellan·

1664 1957 1893 2021 tinmque
1937 1955 2167 2006 clamor!
2253 1954 2504 2018 vegetius
2558 1954 2625 2004 de
2669 1968 2730 2006 re

1661 2033 1770 2083 mil.
1811 2046 1877 2082 11.
1909 2038 1993 2083 22.
2027 2035 2044 2063 6
2081 2034 2190 2082 sive
2230 2032 2294 2081 ad
2335 2047 2465 2096 opus
2502 2031 2732 2098 aliquod,

1662 2110 1773 2160 sive
1816 2110 1881 2159 ad
1920 2109 2277 2160 decursionem
2317 2108 2488 2172 campi
2531 2114 2730 2158 exeunt

1659 2187 1872 2249 milites,
1894 2186 2128 2235 tubicine
2166 2191 2389 2235 vocante
2422 2190 2729 2248 operantur,

1659 2268 1717 2311 et
1768 2277 1944 2312 rursus
1987 2262 2216 2312 tubicine
2260 2261 2571 2312 admonente
2614 2275 2730 2314 ces·

1655 2337 1808 2388 sant!
1879 2338 2163 2389 Gronovius.
2595 2348 2622 2376 ἱ

1722 2416 1856 2466 Cu.
1880 2420 1960 2465 19.
1995 2417 2281 2481 Incipientes
2294 2417 2527 2481 principis
2562 2417 2723 2482 curas]

1656 2493 1840 2544 Recte.
1890 2495 1973 2544 An
1991 2501 2165 2545 tamen
2182 2496 2456 2559 incipientis
2469 2495 2683 2558 scripsit
2701 2496 2723 2544 ἓ

1656 2570 1741 2620 Sic
1757 2569 2003 2622 inferiore
2024 2587 2150 2621 sane
2168 2579 2327 2623 aetate
2347 2575 2364 2601 6
2381 2572 2722 2635 incipientem

1654 2646 1973 2697 orientemve
1995 2649 2301 2712 principem'
2323 2649 2585 2699 dixerunt.
2618 2648 2723 2698 Pa·

1653 2736 1772 2787 neg.
1811 2738 1907 2787 pro
1942 2726 2335 2777 Flaviensibus:
2387 2726 2403 2756 ‘
2425 2727 2526 2776 Illa
2563 2726 2720 2791 enim,

1656 2812 1772 2861 quae
1797 2805 1850 2847 te
1871 2799 2153 2863 incipiente
2186 2808 2447 2866 suscepta,
2484 2801 2718 2857 omnibus
2769 2794 2776 2800 ⁴

1654 2874 1859 2937 populis
1894 2875 2017 2938 jure
2060 2876 2383 2926 communia.'
2448 2878 2521 2927 Et
2567 2878 2717 2929 initio

1653 2950 1852 3015 Paneg.
1899 2953 2218 3001 Maximiano
2262 2960 2318 3003 et
2355 2953 2719 3018 Constantino,

1647 3026 1665 3054 ‘
1687 3030 1859 3077 oriens
1882 3029 2182 3092 imperator'
2204 3029 2415 3082 dicitur.
2446 3029 2712 3082 Acidalia.

1646 3101 1787 3153 Satis
1833 3104 2045 3168 placent
2079 3105 2362 3169 incipientes
2399 3120 2544 3156 σανα.
2627 3105 2714 3156 Sic

1648 3179 1840 3230 Ovidio
1863 3193 1928 3230 11.
1950 3179 2017 3230 de
2045 3189 2193 3232 arte:
2227 3182 2243 3210 ‘
2265 3181 2519 3245 incipiens
2541 3182 2717 3235 omnia

1646 3255 1808 3305 sentit
1850 3254 2025 3307 amor!
2109 3258 2180 3307 Et
2231 3257 2284 3306 in
2339 3269 2442 3307 xrr.
2487 3257 2710 3308 Metam.

1642 3331 1659 3359 ‘
1682 3331 1857 3382 Barba
1874 3339 1991 3382 erat
2011 3333 2302 3396 incipiens.'
2357 3334 2554 3384 Noster
2566 3334 2709 3385 Hist.

1641 3420 1681 3456 1.
1714 3407 1730 3434 ‘
1751 3407 2000 3472 incipiens
2018 3410 2183 3459 adhuc
2202 3416 2259 3460 et
2282 3409 2505 3459 nondum
2527 3408 2708 3460 adulta
2773 3415 2784 3427 ⁶

1638 3484 1861 3534 seditio.’
1899 3487 2188 3538 Gronovius.

1703 3561 1836 3611 CAP.
1853 3566 1933 3612 20.
1970 3561 2047 3610 Ob
2067 3561 2267 3624 itinera]
2307 3563 2705 3627 Expeditionem

1635 3651 1762 3701 ergo
1783 3638 2191 3702 meditabantur,
2224 3654 2389 3704 eoque
2420 3642 2530 3691 liaec
2570 3656 2704 3706 prae·

1634 3718 1915 3767 curabant:
1984 3732 2153 3782 neque
2189 3719 2288 3768 alio
2327 3718 2432 3770 fine
2460 3720 2613 3772 simul
2645 3722 2702 3773 in

1632 3794 1827 3843 aestivis
1850 3801 2016 3844 erant.
2055 3794 2264 3858 [Apsias.

1703 3869 1887 3918 Vexilla
1928 3858 2213 3931 convellant]
2269 3871 2493 3923 Quidam
2535 3871 2701 3927 inter·

1629 3954 1922 4025 metantur,
1945 3948 2087 4012 qrtasi
2109 3949 2427 4011 reperissent
2455 3950 2699 4015 explicans}

1628 4038 1723 4087 pro
1746 4025 2019 4074 convellunt.
2094 4024 2196 4072 Alii
2232 4034 2500 4087 exponunt
2538 4027 2697 4079 corri-

1626 4117 1784 4166 pere;
1824 4117 1890 4151 ex
1936 4111 2092 4163 terra,
2132 4104 2216 4153 cui
2251 4103 2394 4167 infigi
2431 4105 2693 4170 soleba-t,

1623 4180 1865 4242 evellere,
1897 4186 1956 4229 ut
1990 4177 2363 4243 praeferrentur
2386 4183 2691 4246 manipuli-st

1622 4255 1763 4320 quod
1818 4255 2052 4320 profecto
2104 4270 2208 4307 non
2259 4258 2536 4309 absurdum
2590 4264 2689 4311 est.

474 4317 676 4373 Statius
690 4321 742 4372 in
757 4322 941 4377 Silvis:
966 4327 982 4354 6
1003 4326 1110 4378 Hic
1129 4334 1306 4379 suetus
1320 4328 1448 4382 dare
1455 4332 1544 4397 ju·
1620 4331 1810 4400 Neque
1848 4334 1985 4384 enim
2021 4333 2222 4400 ignoro,
2251 4336 2687 4394 convellendi-ver·
