3009 4942
457 344 636 438 ιιοιι

461 533 612 573 cum:
645 502 894 573 necessitas
929 500 1271 585 erogationum.
1325 525 1530 575 Rhena-

460 610 574 646 nus.
591 598 841 648 Muretus
859 598 990 649 falso
1008 600 1154 665 legit
1168 601 1530 663 irrogationum.

458 670 746 727 Acidalius.

479 750 678 799 Novis
692 750 1029 802 acerbitatibus
1043 755 1107 803 ad
1128 753 1357 804 invidiam
1379 761 1530 806 verte·

457 828 588 897 rent]
621 827 724 890 Αιι,
760 843 826 878 ne
863 830 1127 901 publicani
1159 838 1427 882 verterent
1462 832 1528 883 ad

458 903 727 966 iuvidiam,
745 912 829 956 tot
843 920 942 969 per
963 921 1121 956 annos
1139 909 1395 958 tolerata?
1429 910 1537 960 Po:

458 980 561 1029 tius
589 981 931 1053 interpretor,
951 983 1169 1048 tolerata,
1191 984 1361 1048 primo
1384 996 1538 1049 casu,

462 1068 525 1108 ac
547 1062 802 1120 verterant,
827 1072 942 1122 pro,
950 1066 1318 1125 verterentur,
1336 1069 1394 1111 ut
1419 1076 1529 1111 mos

459 1132 649 1184 Tacito
670 1132 928 1199 frequens.
974 1135 1201 1186 Pii-liena.

475 1210 660 1261 ²CA12.
683 1215 766 1260 51.
809 1211 877 1260 Ut
913 1212 1039 1275 leges
1062 1213 1291 1275 castusque
1326 1213 1527 1278 publici]

456 1286 718 1350 Intelligit
738 1288 986 1352 cujusque
1019 1290 1301 1340 communis
1324 1290 1431 1339 sive
1454 1290 1528 1341 ci·
1532 1294 1537 1301 ‘

456 1365 664 1417 vitatis:
704 1366 815 1430 ejus
853 1363 1029 1417 tamen
1063 1366 1273 1418 'abusive
1292 1357 1528 1434 publicum

457 1441 680 1515 dicitur.⁸
720 1443 844 1492 Sola
866 1445 1003 1494 enim
1021 1444 1209 1509 publica
1232 1442 1369 1497 dicta
1383 1456 1526 1510 sunt,

447 1514 574 1586 'quae
609 1521 794 1585 populi
838 1523 931 1572 Ro.
971 1528 1112 1586 sunt,
1147 1524 1223 1573 ait
1253 1525 1537 1589 Ulpianus:

351 1638 352 1643 ,
455 1596 611 1646 Unde
666 1598 940 1661 principio,
981 1598 1072 1664 'qui
1117 1601 1345 1664 vectigal
1401 1615 1525 1666 pop.

455 1672 673 1722 Romani
708 1674 1019 1724 conductum
1052 1676 1291 1740 baberet,
1313 1678 1526 1742 publica·

454 1760 543 1799 nus
562 1748 763 1800 dictus:
801 1751 937 1815 quod
956 1752 1144 1841 publica
1161 1755 1484 1818 appellatio
1470 1770 1523 1805 ιιι

456 1826 805 1901 compluribus
845 1828 1044 1878 causis
1065 1843 1187 1894 pop.
1234 1831 1539 1888 Romanum·

455 1890 720 1965 respician-
738 1910 947 1952 caeterae
983 1904 1242 1955 civitates·
1264 1908 1380 1958 loco
1423 1908 1526 1972 pri-

454 1980 691 2030 vatorum
705 1981 1026 2034 habeantur.
1062 2000 1128 2034 ex
1151 1985 1278 2035 Caio
1297 1985 1529 2038 refertur

452 2056 509 2106 in
533 2057 766 2123 Digestis
801 2059 869 2114 de
910 2060 1055 2110 verb.
1081 2062 1175 2126 sig.
1199 2063 1230 2113 l.
1255 2077 1372 2115 xvt.
1413 2065 1527 2115 Ver-

454 2135 661 2184 tranius.
725 2135 823 2185 Vir
843 2137 1067 2203 alioquin
1109 2139 1366 2191 oculatiss.
1412 2140 1537 2197 toto,

455 2207 540 2275 (ιιι
564 2209 733 2277 aiunt)
768 2212 900 2262 coelo
940 2212 1238 2264 aberravit.
1275 2229 1393 2264 uam
1433 2215 1526 2264 im-

455 2288 731 2339 modestiam
761 2290 1115 2354 publicanorum
1147 2307 1255 2356 pop.
1278 2291 1420 2343 Rom.
1446 2307 1527 2342 ar-

452 2365 651 2437 guebat,
672 2373 731 2416 ut
756 2366 923 2432 iuquit
944 2369 1179 2433 Tacitus,
1198 2384 1297 2419 non
1322 2370 1527 2434 provin-

456 2445 569 2507 ciaej
591 2452 846 2508 externae,
884 2447 1193 2498 civitatesve
1221 2448 1399 2511 sociae,
1434 2455 1527 2499 aut

454 2522 737 2586 vectigales
782 2539 905 2589 pop.
952 2525 1104 2575 Rom.
1173 2527 1524 2579 Quamobrem

407 2590 412 2595 ⁴
455 2613 552 2663 per
588 2599 825 2665 publicum
857 2602 1255 2668 intelligendum
1297 2605 1521 2668 vectigal,

455 2677 534 2726 uti
572 2676 823 2728 habemus
867 2678 1008 2742 apud
1042 2678 1236 2731 Jurisc.
1263 2679 1301 2733 l.
1322 2690 1525 2732 xxxtv.

453 2752 527 2802 D.
590 2754 672 2802 Ex
702 2753 889 2818 quibus
926 2754 1095 2805 causis
1133 2756 1318 2820 major.
1385 2757 1526 2810 Quin

455 2826 559 2876 imo
578 2829 857 2894 vectigalia
879 2830 1116 2881 absolute
1131 2833 1321 2897 publica
1342 2849 1528 2886 vocan-

363 2961 372 2965 ,
456 2910 562 2967 tur,
586 2905 620 2954 1.
644 2918 685 2954 1.
706 2907 753 2968 ς.
777 2911 826 2956 1.
851 2905 916 2956 dc
936 2907 1198 2971 publican.
1263 2912 1352 2975 Et,
1368 2912 1525 2977 publi-

455 2995 616 3031 corum
668 2984 982 3049 conductores,
1030 2984 1360 3039 observamus
1401 2991 1453 3043 in
1488 2992 1525 3039 l.

455 3070 667 3109 xxxm.
690 3060 762 3109 D.
789 3075 883 3124 pro
904 3075 1012 3111 soc.
1032 3062 1141 3113 Cic.
1161 3063 1346 3127 etipse
1367 3067 1466 3131 Ep.
1482 3081 1523 3117 1.

457 3132 523 3183 ad
559 3135 627 3186 Q.
650 3133 736 3185 Fr.
759 3134 865 3185 ait:
899 3138 914 3163 ‘
937 3137 1013 3187 Ut
1043 3145 1099 3188 et
1137 3140 1420 3202 publicanis
1450 3159 1527 3194 sa-

455 3207 707 3274 tisfacias,
729 3214 1021 3276 praesertim
1042 3214 1264 3278 publicis
1288 3219 1420 3269 male
1445 3234 1526 3269 re-

456 3283 719 3350 demptis?
785 3289 933 3339 Idem
974 3291 1042 3340 de
1085 3294 1321 3355 provinc.
1365 3296 1523 3347 Cous.

455 3360 474 3389 ⁴
498 3359 581 3410 Αιι
605 3362 695 3428 qui
716 3361 820 3413 frui
854 3365 1063 3428 publico
1098 3382 1199 3417 non
1224 3370 1415 3435 potuit,
1434 3371 1539 3422 hic'

453 3436 644 3501 ligetur
666 3440 776 3503 ipsa
799 3441 913 3505 lege
935 3444 1172 3493 censoria
1188 3445 1224 3494 ?’
1260 3446 1526 3499 Addamus

456 3511 836 3566 Quintilianum
856 3515 990 3567 decl.
1018 3523 1134 3569 340.
1168 3522 1185 3549 ‘
1209 3523 1322 3587 Ego
1345 3538 1445 3575 nou
1460 3541 1526 3575 ea

453 3590 722 3641 voluntate
745 3591 868 3656 feci,
891 3601 951 3644 ut
972 3594 1058 3646 hic
1082 3596 1210 3647 liber
1235 3607 1393 3663 esset,
1429 3601 1522 3652 sed

454 3672 516 3716 ιιι
559 3668 768 3740 publica
806 3684 909 3720 non
948 3673 1210 3724 solveret.’
1274 3677 1344 3726 Et
1382 3677 1521 3729 decl.

453 3746 568 3796 841.
600 3743 617 3772 ‘
641 3744 780 3795 Ante
798 3746 971 3797 omnia
986 3750 1124 3798 nulla
1147 3751 1265 3815 lege
1290 3766 1524 3818 compre-

385 3878 390 3881 ,
451 3820 666 3872 hensnm
687 3829 790 3887 est,
811 3830 870 3873 ut
904 3825 1125 3875 alienam
1148 3842 1256 3876 rem
1279 3844 1378 3878 non
1404 3846 1524 3895 pro-

453 3895 591 3947 fiteri
610 3899 828 3970 liceretg
859 3901 1083 3966 alioquin
1097 3904 1364 3967 publicum
1377 3921 1522 3957 ever-

456 3988 569 4023 sum
592 3974 710 4023 est.'
776 3975 990 4025 Sueton.
1031 3979 1139 4030 Cal.
1184 3985 1266 4030 40.
1319 3984 1336 4011 ‘
1363 3983 1524 4035 Addi-

351 4120 356 4125 ,
456 4056 671 4114 tumque
705 4050 770 4099 ad
804 4062 965 4115 caput
1000 4054 1146 4117 legis,
1166 4062 1227 4106 ut
1249 4064 1525 4111 teneretur

455 4127 682 4190 publico,
723 4129 810 4192 qui
846 4132 1216 4200 ‚meretricium
1271 4133 1523 4187 fecisset!

457 4202 708 4253 Horatius
745 4204 914 4267 Epist.
957 4221 997 4256 1.
1042 4210 1059 4235 ‘
1084 4209 1215 4259 Pars
1259 4213 1521 4264 hominum

456 4277 614 4343 gestit
634 4280 923 4331 conducere
946 4283 1190 4349 publica!
1240 4287 1382 4341 Hinc
1403 4305 1524 4342 vec·

1169 356 1386 420 NOTAE
1403 390 1412 399 ·
1429 339 1846 431 vAiuo'Ru'sr·
1882 374 1957 423 ιιι
1990 354 1997 363 ’
2062 388 2072 399 ·

1609 492 1842 581 tigaiium
1877 524 1929 568 et
1968 492 2293 583 publicorum
2321 518 2672 573 conductores

1606 592 1858 643 Publicani
1897 594 2027 645 dicti
2080 596 2287 647 Sueten.
2329 597 2490 662 vesp.
2531 611 2573 647 1.
2620 603 2678 647 et

1607 671 1793 732 passim
1815 671 2297 737 omnibus.1taque
2322 688 2415 737 per
2433 674 2680 737 publicans

1603 747 1701 797 boc
1737 748 1790 797 in
1817 751 1931 798 loco
1964 749 2412 814 interpretandum
2446 751 2679 814 vectigal

1608 824 1961 890 cujuscunque
1999 826 2230 889 generis.
2269 835 2323 876 et
2357 827 2456 876 erit
2494 840 2678 893 sensns

1606 900 1877 950 verborum
1919 901 2107 965 Taciti,
2139 904 2275 966 quod
2312 903 2681 968 quumpubli-

1606 978 1721 1027 cani
1737 978 2075 1029 immoderate
2093 981 2369 1044 vectigalia
2383 982 2683 1043 exigerent,

1603 1055 1809 1119 legibus
1831 1056 2136 1120 quibusdam
2167 1054 2350 1121 jam'iu
2375 1058 2684 1113 desuetudi-

1604 1131 2007 1199 nem-profectis
2050 1135 2241 1198 innixi,'
2267 1148 2352 1185 eas
2388 1137 2439 1184 in
2481 1151 2677 1186 novum

1603 1223 1752 1259 usum
1799 1205 2122 1275 retrahentes
2167 1227 2257 1262 suo
2301 1213 2571 1262 commodo
2614 1219 2682 1262 et

1603 1287 1781 1352 populi
1808 1287 1903 1338 Ro.
1916 1287 2190 1352 dispendio
2208 1305 2225 1351 ;
2247 1288 2402 1339 ‘Nero
2422 1290 2680 1354 cujusque

1604 1364 1874 1431 vectigalis
1895 1364 2039 1429 leges
2074 1364 2139 1414 ad
2173 1364 2229 1414 id
2260 1376 2427 1430 ,usque
2464 1372 2676 1428 tempus

1602 1442 1830 1490 occultas
1848 1440 2141 1504 proscribi
2162 1446 2216 1490 ct
2237 1440 2451 1490 aboleri
2493 1439 2681 1504 voluit,

1603 1518 1780 1583 sicque
1805 1519 1981 1583 populi
2005 1517 2330 1566 indemnitati
2355 1518 2674 1578 consultum,

1602 1609 1663 1645 ac
1697 1594 1835 1645 illius
1857 1595 2055 1645 crebris
2078 1593 2489 1656 flagitationibus
2521 1595 2678 1644 satis-

1600 1668 1823 1732 factum3
1848 1672 2085 1721 sanciens
2100 1673 2297 1735 adlnaec,
2320 1686 2385 1721 ne
2409 1671 2680 1737 publicani

1601 1749 1815 1798 omissas
1838 1748 2122 1812 petitiones
2146 1751 2285 1798 ultra
2311 1763 2498 1798 annu-n
2523 1764 2678 1799 resu-

1601 1831 1823 1889 merent,
1860 1826 1958 1875 hoc
1999 1833 2098 1889 est,
2136 1841 2213 1897 neb
2242 1827 2489 1890 vectigal,
2530 1827 2674 1892 quod

1601 1903 1699 1953 sibi
1737 1904 1919 1955 deberi
1950 1903 2201 1971 dicerent,
2206 1914 2211 1920 ·
2234 1920 2265 1981 a
2286 1903 2372 1953 die
2396 1911 2680 1967 praetensa

1603 1980 1905 2033 exactionis
1902 1972 2030 2046 post
2054 1996 2239 2031 anuum
2280 1988 2460 2045 petere
2485 1987 2543 2031 et
2563 1981 2680 2031 exi-

1602 2072 1739 2127 gere
1742 2066 1972 2135 possent.
1996 2059 2504 2111 Marcellus'Duitatus.
2530 2057 2682 2110 Quid

1600 2135 1865 2201 apertius?
1897 2142 1951 2185 et
1991 2146 2165 2185 tamen
2203 2136 2280 2186 M.
2318 2134 2557 2185 Donatus
2594 2137 2678 2184 in·

1600 2218 1943 2275 terpretatur,
1966 2210 2289 2262 abolerentur.
2324 2226 2443 2261 cum
2467 2210 2680 2262 debuis-

1599 2295 1696 2352 set,
1715 2288 1917 2353 publice,
1936 2290 2058 2338 unde
2077 2290 2135 2337 de
2162 2289 2306 2352 plano
2325 2288 2421 2350 legi
2455 2293 2675 2352 possent,

1592 2371 1980 2431 proponerentur.
2050 2367 2362 2416 consulatur
2389 2366 2678 2416 Suetonius

1601 2442 1768 2508 Calig.
1803 2447 1886 2493 41.
1930 2442 2168 2493 nimirum
2215 2457 2392 2493 omnes
2440 2444 2677 2494 homiues

1600 2535 1791 2572 sumus.
1839 2521 2097 2572 Gruterus.

1673 2601 1737 2649 Et
1770 2615 1873 2664 quoe
1909 2600 2007 2650 alia
2045 2614 2108 2649 ex
2139 2598 2433 2649 audientibus
2460 2598 2677 2663 illicitis]

1599 2675 1982 2740 Reposuimus3
2016 2682 2065 2726 ct
2085 2692 2189 2740 quoe
2226 2677 2323 2726 alia
2344 2676 2675 2726 exactionibus

1597 2753 1803 2803 illicitis.
1874 2754 2050 2804 Dandi
2073 2769 2212 2804 casu.
2260 2753 2539 2803 Rhenanus.

1666 2830 1915 2881 Frumenti
1930 2830 2188 2894 subvectio]
2222 2830 2253 2859 ⁴*
2272 2847 2302 2880 e
2321 2831 2494 2881 Taciti
2521 2830 2681 2896 Agri·

1600 2908 1716 2959 cola
1756 2908 1943 2958 disces.
1975 2909 1992 2937 ‘
2015 2908 2240 2970 Emere,'
2262 2909 2451 2973 inquit,
2490 2908 2507 2937 ‘
2531 2908 2678 2959 ultro

1600 2984 1880 3048 frumenta,
1937 2992 1993 3035 et
2048 2977 2276 3036 vendere
2330 2985 2676 3051 cogebantur.

1600 3062 1856 3112 Devortia
1877 3061 2122 3112 itinerum
2143 3068 2200 3112 et
2224 3062 2576 3127 longinquitas
2597 3076 2681 3113 re-

1602 3139 1809 3203 gionum
1850 3138 2194 3204 indicebatur,
2231 3144 2292 3189 nt
2338 3140 2585 3190 civitates
2644 3155 2679 3189 a

1599 3217 1847 3280 proximis
1882 3216 2109 3266 bibernis
2142 3216 2195 3266 in
2226 3223 2432 3267 remota
2465 3222 2522 3267 et
2557 3217 2679 3268 avia

1599 3291 1901 3359 deferrent:
1938 3292 2105 3344 donec
2160 3294 2299 3359 quod
2335 3295 2577 3345 omnibus
2616 3295 2676 3345 iu

1599 3364 1845 3434 promptu
1862 3376 1995 3433 erat,
2013 3368 2196 3433 paucis
2215 3370 2475 3421 lucrosum
2486 3370 2677 3423 fieret!

1596 3444 1810 3511 Dipsius.

1663 3523 1901 3574 (311252.
1936 3523 2035 3579 Qui
2064 3524 2391 3595 proconsulare
2420 3502 2676 3590 imperium

1595 3597 1698 3648 illic
1744 3599 2029 3665 habuerunt]
2111 3600 2326 3666 Scripsi,
2387 3602 2674 3655 habuerant.

1597 3675 1895 3727 Rhenanus.

1664 3752 1877 3808 Quorum
1919 3753 2104 3802 ambitu
2144 3754 2383 3818 evaserat]
2436 3754 2673 3805 Faernus

1596 3828 1842 3892 legebat3
1889 3845 2099 3895 quorum
2138 3831 2404 3895 mpetum
2432 3837 2668 3882 evaserat.

1598 3902 1831 3956 Ursinus.
1899 3905 2031 3959 Quis
2076 3913 2288 3970 putaret
2328 3907 2559 3972 aliquem
2594 3907 2675 3964 his

1597 3978 1789 4030 offendi
1833 3982 2020 4046 posse?
2071 3983 2204 4032 adeo
2249 3984 2406 4047 plana
2450 3992 2575 4035 sunt
2615 3991 2675 4035 et

1596 4058 1875 4122 proclivia:
1912 4067 1968 4107 et
1992 4069 2166 4110 tamen
2184 4060 2415 4110 Faernus
2439 4062 2672 4125 legebat,

1596 4151 1791 4200 quorum
1853 4136 2079 4199 impetum
2135 4144 2368 4186 eraserat.
2440 4138 2673 4190 Omnino

1597 4212 1752 4274 bene,
1789 4212 1833 4261 si
1872 4212 1936 4262 de
1976 4212 2284 4263 adversariis
2311 4229 2485 4266 sermo
2511 4223 2672 4277 esset,

1597 4294 1653 4338 et
1686 4302 1788 4339 nou
1824 4288 1994 4354 potius
2034 4288 2103 4340 de
2143 4289 2415 4346 advocatis
2455 4292 2669 4345 Silvani.
