3009 4942
441 468 447 473 ,
487 394 673 464 3926

495 592 502 599 .
560 553 631 602 Et
647 556 889 618 postquam
909 565 1001 602 non
1018 548 1339 613 subveniebat]
1360 548 1559 613 Legen-

492 628 637 692 dum,
672 628 1055 691 abvenubaeur:
1086 634 1198 692 aut,
1230 641 1363 679 nmo
1397 625 1559 675 subve-

491 706 671 759 aiebat.
735 706 959 770 Lipsius.

495 828 500 837 .
559 782 670 833 Nos·
689 782 1009 846 subveniebat]
1063 780 1173 831 Aut
1205 778 1559 844 scribendum,

487 859 861 924 muniebatur,
919 867 1027 922 aut,
1079 874 1211 909 nemo
1242 857 1559 909 mentem.

490 937 788 989 Rhenanus.
831 936 1223 1000 Subveniebataar,
1246 935 1483 984 Muretus
1500 940 1558 984 et

490 1013 726 1065 Ursinus.
793 1013 911 1063 Hoc
934 1014 1190 1102 posterius
1231 1012 1401 1077 potius
1438 1025 1556 1076 pro·

490 1072 632 1141 bavi.
689 1090 844 1153 Saepe
868 1090 1003 1140 euim
1025 1098 1082 1141 et
1119 1090 1172 1139 in
1206 1095 1383 1140 nostro
1406 1089 1551 1138 Man.

489 1164 548 1217 et
579 1166 632 1215 in
671 1168 782 1217 aliis
813 1167 1085 1218 veteribus
1120 1167 1411 1230 observavi,
1442 1180 1557 1229 pos·

490 1246 708 1301 tremam
742 1245 884 1295 illam
923 1245 1179 1310 syllabam
1207 1245 1285 1295 ita
1305 1243 1557 1307 describi,

488 1326 549 1370 ut
573 1322 937 1372 tantumlitera
958 1329 982 1372 t
1001 1329 1274 1386 appareat,
1288 1321 1425 1372 unde
1439 1321 1554 1385 plu-

497 1398 618 1448 rimi
639 1410 864 1452 errores.
899 1399 1128 1451 Pis-hena.

493 1514 504 1525 .
554 1477 649 1526 Cui
669 1493 836 1528 nomen
857 1478 1078 1542 Flevum]
1133 1476 1316 1529 Scribo
1335 1476 1390 1527 in
1403 1475 1553 1527 libris

490 1552 694 1604 Histor.
728 1554 938 1618 Lipsius.

553 1631 690 1682 Car.
713 1635 796 1681 73.
844 1631 1099 1692 Inferioris
1134 1631 1407 1682 Gennanioe
1442 1646 1553 1696 pro·

479 1709 706 1772 pretori]
772 1711 899 1774 Leg.
927 1710 1242 1774 Propraetore.
1266 1710 1498 1760 Ursinus.

489 1822 500 1829 .
551 1783 718 1834 Soluto
743 1786 851 1846 jam
890 1788 1079 1836 castello
1120 1784 1323 1849 obsidio]
1392 1786 1556 1850 Lego,

485 1860 749 1923 solutojam
769 1863 950 1913 castelli
970 1863 1165 1928 obsidio,
1202 1862 1379 1929 sicque
1401 1862 1556 1912 casti·

485 1938 624 2001 gavi.
658 1938 932 1990 Rhenanus.

495 2015 824 2080 Pelluntur,
868 2021 1048 2067 timaus
1085 2016 1298 2081 sociales]
1376 2017 1549 2080 Repo·

488 2090 586 2152 sui,
604 2093 788 2155 pellunt
808 2097 991 2143 turmas
1009 2094 1217 2144 sociales.
1250 2093 1548 2144 Rhenanus.

548 2169 725 2218 Acrius
743 2185 878 2233 eques
891 2170 1149 2233 immissus]
1205 2171 1327 2221 Meo
1351 2169 1550 2235 pericu·

484 2208 536 2294 lo
579 2245 802 2309 obtinui,
845 2253 904 2297 ut
954 2247 1321 2311 excuderetur,
1367 2246 1551 2296 atatim

482 2337 620 2386 eques
640 2322 893 2373 immissus.
957 2323 1127 2388 Igitur
1146 2323 1382 2389 equitum
1394 2323 1547 2372 alari-

482 2413 631 2451 orum
655 2399 793 2463 apud
814 2406 1066 2463 nostrum,
1084 2414 1151 2449 ne
1169 2398 1370 2464 longius
1392 2398 1545 2450 abea-

484 2490 618 2539 mus,
651 2492 805 2542 quam
826 2477 1052 2528 instituti
1074 2477 1238 2528 nostri
1255 2477 1388 2527 ratio
1410 2477 1546 2541 pati·

482 2560 588 2616 tur,
607 2550 793 2605 crebra
804 2555 1022 2618 mentio,
1043 2560 1104 2604 ut
1120 2569 1207 2606 111.
1227 2558 1309 2606 89.
1333 2568 1441 2606 ιιι.
1457 2559 1543 2605 27.

483 2642 611 2679 xm.
627 2634 707 2679 35.
725 2630 757 2660 ⁴*
802 2629 979 2682 Antea
999 2633 1275 2696 legebatur
1290 2631 1430 2696 apud
1449 2632 1547 2682 Ta·
1578 2674 1583 2679 .

482 2705 667 2768 citum,
697 2706 855 2755 acrius
875 2722 1040 2770 eques:

483 2796 627 2835 cesse
644 2790 762 2833 erat
781 2783 835 2833 iu
858 2784 1085 2833 lectione
1102 2784 1307 2846 vitiosa,
1319 2783 1550 2834 diversas

482 2857 943 2923 interpretationes
967 2859 1195 2924 peperit.
1229 2859 1454 2909 Freinslt.

549 2935 686 2986 Cu.
707 2939 790 2986 74.
810 2934 1048 2988 Societate
1057 2935 1382 3003 consiliorum]
1426 2937 1478 2987 N
1480 2951 1549 2986 on

482 3010 728 3063 videntur
749 3018 896 3065 recte
923 3012 1257 3078 interpretari
1287 3013 1404 3063 haec
1435 3029 1548 3064 ver-

480 3088 567 3137 ba.
631 3089 737 3140 Sed
773 3091 1030 3155 quomodo
1067 3091 1287 3143 societas
1308 3091 1546 3142 consilio·

482 3180 597 3218 rum
611 3181 729 3218 cum
744 3167 935 3233 Sejano
955 3168 1077 3221 iniri
1092 3168 1266 3236 potuit
1285 3174 1408 3219 ante
1421 3182 1541 3220 con·

1074 2721 1192 2773 quae
1227 2721 1330 2771 res,
1362 2713 1423 2757 ut
1460 2721 1550 2756 ne-

1196 404 1417 458 NOTA!
1461 402 1871 454 vammum
1922 401 2004 451 IN

1637 547 1907 610 gressum?
1943 561 2062 596 nam
2107 545 2174 596 de
2210 544 2310 595 hoc
2346 540 2579 609 parando
2610 539 2700 592 hic

1636 625 1828 688 agitur.
1914 623 2237 686 Intelligitur
2278 622 2457 686 itaque
2499 618 2703 679 societas

1636 702 1950 762 consiliorum,
1989 716 2141 767 quam
2176 701 2281 764 alii,
2315 698 2539 748 hominis
2561 696 2701 750 illius

1638 778 1980 829 conveniendi
2018 776 2215 842 cupidi,
2252 787 2311 827 ut
2332 777 2430 826 hoc
2454 776 2703 839 adst-que?

1636 861 1835 916 rentur,
1854 856 1994 906 inter
2006 870 2062 905 se
2079 855 2289 905 coibant
2307 871 2321 903 ε
2347 853 2433 919 qui
2456 851 2699 909 nimirum

1637 934 2044 998 paciscerentur,
2077 939 2137 982 ut
2171 932 2259 996 qui
2284 931 2424 995 prius
2446 927 2700 977 admissus

1635 1017 1793 1075 esset,
1829 1025 2042 1074 operam
2065 1009 2227 1068 daret,
2261 1021 2363 1072 quo
2385 1004 2700 1069 reliquorum

1634 1087 1792 1138 etiam
1817 1088 1949 1137 ratio
1971 1086 2275 1148 haberetur,
2295 1088 2393 1134 διο.
2434 1080 2723 1158 Vopiscus·

1633 1165 1688 1214 in
1727 1165 2009 1232 Aureliano
2053 1179 2101 1214 c.
2140 1168 2221 1215 4³.
2289 1162 2307 1191 ‘
2331 1161 2600 1224 colligunt
2636 1171 2698 1209 se

1632 1249 1856 1308 quatuor
1894 1243 1981 1292 vel
2019 1242 2270 1307 quinque,
2326 1244 2484 1303 atque
2538 1250 2696 1285 unum

1633 1320 1902 1370 consilinm
1923 1320 1990 1370 ad
2013 1318 2374 1383 decipiendum
2408 1317 2697 1379 Imperat&

1634 1411 1742 1446 rem
1765 1396 2014 1461 capiunt?
2070 1396 2152 1445 De
2169 1393 2419 1460 ejusmodi
2442 1391 2696 1443 societate

1632 1473 1955 1524 consiliorum
2004 1472 2364 1538 accipiendum
2407 1478 2489 1522 est
2531 1475 2588 1519 et
2637 1466 2696 1518 τὸ

1632 1551 2025 1607 σννεπιβονλεΰον
2057 1549 2197 1614 apud
2231 1549 2456 1599 Dionem
2480 1560 2610 1597 nv.
2646 1550 2696 1598 2.

1632 1632 1715 1678 16.
1749 1627 1864 1677 loco
1888 1625 2198 1691 perdifficili,
2228 1625 2294 1675 de
2318 1640 2419 1690 qno
2462 1623 2697 1674 fortassis

1634 1707 1912 1773 aliquando
1944 1707 1999 1755 iu
2026 1705 2164 1755 uotis
2200 1704 2267 1754 ad
2305 1705 2447 1753 illum
2481 1701 2697 1766 scripto-

1635 1801 1772 1837 rem:
1798 1784 2003 1851 qnando
2023 1798 2249 1849 praesens
2271 1783 2564 1833 institutum
2591 1789 2694 1831 tam

1634 1862 1888 1927 prolixam
1929 1861 2324 1926 digressionem,
2364 1859 2572 1924 qualem
2611 1870 2696 1906 ex-

1634 1938 1907 1989 cutiendus
1928 1939 2017 1987 ille
2038 1939 2344 2002 postularet,
2357 1950 2460 1985 non
2480 1934 2695 1999 patitur.

1623 2015 1762 2065 Vide
1785 2017 1921 2065 Sam.
1947 2029 2008 2066 ιι.
2033 2019 2081 2064 1.
2145 2014 2319 2078 Sejani
2363 2013 2528 2062 multo
2563 2008 2693 2059 diffi-

1627 2092 1776 2142 cilior
1815 2098 1931 2143 erat
1964 2091 2156 2155 aditus,
2201 2097 2361 2157 atque
2415 2103 2479 2138 eo
2529 2087 2692 2136 multo

1627 2169 1827 2220 ambitu
1867 2184 2117 2235 curaque,
2163 2175 2237 2233 et,
2277 2168 2438 2218 veluti
2492 2180 2693 2231 magnae

1624 2247 1774 2297 molis
1821 2247 2108 2312 negotium,
2159 2245 2365 2296 collatis
2411 2238 2694 2308 mixtisque

1625 2324 1850 2387 plurium
1872 2325 2008 2374 inter
2030 2338 2084 2374 se
2106 2323 2352 2386 consiliis,
2376 2321 2692 2385 procuraba-

1626 2405 1725 2449 tur.
1762 2399 1982 2450 Freinslt.
2048 2400 2302 2450 Chimaera
2321 2396 2543 2457 πολιτικὴ
2566 2398 2692 2448 satis

1621 2476 1903 2540 ingeniosa.
1969 2476 2046 2527 At
2064 2476 2183 2526 mihi
2199 2491 2289 2541 per
2302 2475 2532 2527 ambitum
2548 2479 2599 2524 et
2612 2486 2693 2524 ’so-

1622 2553 1792 2603 cietate
1803 2554 2101 2604 consiliorum
2122 2559 2206 2604 est
2225 2552 2519 2616 familiares,
2535 2555 2638 2602 διο.
2660 2551 2693 2580 ’

1629 2627 1910 2681 Gronovius.

1635 2750 1643 2757 .
1692 2707 2028 2770 Magnitudint
2048 2707 2201 2772 urbis]
2224 2706 2543 2771 Scripsimus
2558 2719 2688 2768 nug-

1626 2781 1842 2833 nitudine
1861 2783 2009 2834 urbis.
2043 2785 2161 2836 Hoc
2183 2791 2287 2848 est,
2310 2791 2531 2849 propter
2552 2797 2695 2847 mag-

1628 2859 1918 2910 nitudinem
1942 2860 2099 2912 urbis.
2135 2861 2415 2912 Rhenanus.
2452 2900 2457 2909 .

1695 2938 1863 2988 Donec
1876 2939 2025 3002 idque
2045 2939 2268 3003 vetitum]
2326 2938 2449 3002 Que,
2488 2951 2586 3001 pro
2608 2948 2691 2998 eo,

1626 3015 1767 3079 quod
1788 3023 1888 3077 est,
1907 3031 2117 3081 quoque.-
2150 3016 2315 3082 quasi,
2336 3018 2401 3066 Id
2419 3027 2599 3079 quoque
2614 3027 2691 3067 nee

1621 3092 1784 3142 tuam.
1818 3094 2105 3143 Ferrettus.
2150 3093 2316 3158 Lege,
2338 3095 2483 3143 donec
2503 3092 2558 3142 id
2578 3105 2688 3155 quo·

1618 3185 1708 3233 que
1726 3169 1943 3222 naisum.
1974 3171 2234 3221 Muretus.

1012 3647 1173 3725 AN
1193 3647 1679 3732 NALIUM
1748 3647 1986 3723 LIB.
2063 3648 2158 3724 V.

542 3832 679 3885 Car.
701 3838 750 3887 1.
781 3835 949 3886 AEtate
970 3837 1209 3902 extrema]
1283 3837 1540 3901 Octogin-

476 3912 532 3958 ta
573 3924 668 3960 sex
710 3925 976 3964 annorum.
1028 3913 1149 3963 Dio.
1216 3914 1359 3963 Male
1399 3913 1539 3975 apud

473 3978 702 4037 Plinium
726 3994 808 4038 est
831 3990 972 4040 821.
996 4003 1110 4040 xxv.
1136 3993 1184 4040 6.
1218 3990 1308 4041 ubi
1332 3995 1389 4040 et
1407 3990 1538 4039 male

474 4069 605 4127 puto
623 4065 731 4128 legi
756 4065 977 4129 Pictam,
1017 4073 1073 4117 et
1093 4067 1371 4132 legendum
1392 4068 1540 4132 Pyci·

472 4152 559 4196 no.
592 4146 653 4189 ut
675 4141 744 4190 sit
764 4142 936 4192 vinum
960 4135 1251 4208 Pycinum3
1287 4144 1425 4210 quod
1448 4158 1537 4194 na-

1620 3835 1723 3886 Hic
1748 3832 2101 3888 disserendum
2123 3843 2281 3899 esset,
2317 3851 2419 3887 cur
2439 3837 2682 3889 mulieres

1617 3913 1784 3962 minus
1806 3914 1897 3963 diu
1931 3914 2109 3965 vivere
2135 3915 2355 3977 soleant,
2395 3931 2551 3979 qnam
2573 3914 2684 3965 viri.
2706 3956 2711 3961 .

1619 3991 1994 4054 Ῑιοιιςαιναιιιιιι
2026 3991 2300 4042 mulierum
2331 3993 2578 4058 exempla
2612 3994 2683 4043 le·

1618 4082 1708 4132 ges
1732 4070 1867 4132 apud
1892 4068 2032 4117 Plin.
2053 4081 2156 4117 vu.
2177 4072 2261 4119 48.
2300 4069 2545 4120 Muretus.

1679 4144 1922 4193 Liviorum
1945 4144 2297 4209 Julian-amque]
2366 4146 2511 4196 Duas
2552 4158 2680 4211 ergo

471 4214 669 4265 scitnr’
654 4231 707 4265 ιιι
731 4219 863 4268 colle
877 4234 1053 4284 saxeo,
1089 4221 1142 4271 in
1173 4233 1277 4287 quo
1308 4221 1535 4285 positum
1612 4219 1836 4271 familias
1888 4222 2163 4284 complexa
2214 4235 2311 4286 per
2351 4222 2680 4291 adoptionem

472 4297 555 4343 est
585 4292 849 4361 Tergeste,
880 4293 1033 4349 hodie
1053 4297 1296 4349 Ribouam
1325 4304 1534 4350 vocant.
1610 4295 1776 4347 Livia.
1827 4295 2039 4362 Lipsius.
