3009 4942
203 3144 204 3147 '
286 3148 582 3215 similiaque
634 3152 754 3203 alia.

837 456 984 506 mn.
1029 455 1083 503 ι.
1127 456 1289 507 car.
1331 440 1400 505 6.
1445 456 2003 509 ms‘romARUM.

292 601 428 649 entes
470 597 753 664 libertique
774 601 1118 650 damnatorum.

292 689 442 737 gram
477 683 680 739 partem
704 677 884 742 populi
915 678 1170 741 appellat,
1205 677 1371 727 since·

297 766 410 801 ram
445 760 504 803 et
542 753 756 805 lascivia
796 760 1090 820 temporum
1121 768 1238 805 non
1257 770 1369 806 cor-

294 835 527 894 ruptam.
562 831 699 894 Lips.

353 907 492 956 Pars
507 910 670 971 populi
692 909 906 973 integra,
943 915 991 960 et
1013 911 1202 974 magnis
1220 910 1370 961 domi-

293 982 379 1033 lms
399 999 606 1045 annexa,
626 988 837 1049 clientes,
857 987 968 1050 ism]
1011 988 1131 1037 Non
1156 1002 1367 1039 renuam

257 1098 260 1099 ν
287 1073 409 1111 cum
453 1061 635 1125 Lipsio
657 1064 851 1126 legere,
887 1063 1064 1113 annexi
1083 1064 1278 1115 clientes
1310 1065 1367 1115 li·

289 1138 505 1202 bertique
524 1142 875 1193 damnatorum.
926 1141 1032 1192 Sed
1052 1157 1143 1193 cur
1157 1144 1365 1194 Tacitus

289 1215 514 1267 clientes
552 1216 872 1283 libertosque
915 1218 1270 1271 damnatorum
1309 1227 1367 1272 et

286 1296 526 1345 exsulum
550 1297 716 1346 solum
735 1298 820 1347 hic
841 1298 1113 1349 nominat?
1181 1300 1289 1350 Cur
1310 1300 1365 1349 hi

287 1370 612 1434 potissimum
629 1372 684 1421 in
706 1388 853 1437 spem
872 1375 1053 1438 erecti,
1083 1389 1185 1424 non
1204 1376 1365 1426 etiam

288 1462 490 1512 eorum,
507 1450 598 1513 qui
618 1449 849 1500 damnati
861 1456 928 1499 -et
942 1451 1147 1501 exsules
1166 1466 1265 1501 non
1282 1466 1363 1502 es-

285 1530 408 1575 sent
431 1540 446 1585 ;
488 1530 580 1575 aut
607 1540 703 1574 cur
726 1526 944 1576 clientes
965 1527 1246 1593 libertique
1275 1544 1362 1579 eo·

289 1616 404 1651 rum
427 1603 621 1667 potiuS,
641 1618 792 1668 quam
815 1605 1046 1659 damnati
1069 1611 1125 1655 et
1156 1607 1362 1658 exsules

286 1679 427 1743 ipsi?
494 1680 581 1729 An
602 1696 728 1731 vero
752 1682 913 1731 etiam
936 1681 1227 1745 credemus,
1268 1684 1361 1733 cli-

286 1757 491 1806 entium
514 1765 570 1808 et
592 1759 920 1824 libertorum,
941 1759 1029 1824 qui
1049 1760 1247 1823 magnis
1269 1760 1359 1810 do·-

287 1835 460 1886 mibus
520 1839 728 1900 annexi,
787 1845 1036 1902 patronos
1082 1853 1259 1887 omnes
1296 1853 1358 1889 eo

284 1921 524 1979 tempore
565 1914 832 1968 damnatos
871 1923 929 1967 et
957 1916 1191 1965 exsules?
1249 1917 1360 1965 nnl-

284 1991 470 2056 lasqne
493 2007 704 2056 magnas
732 1993 911 2042 domos
936 1993 1162 2057 integras
1188 2000 1248 2043 et
1284 1994 1360 2043 in—

285 2069 521 2118 columes
580 2068 771 2119 fuisse?
872 2069 1017 2119 Nihil
1060 2069 1356 2119 absurdius:

282 2143 533 2210 aliudque
557 2145 678 2196 huic
700 2146 817 2196 loco
844 2145 1029 2196 vitium
1059 2147 1247 2211 majus,
1270 2147 1359 2197 de-

231 2241 236 2247 ·
271 2219 436 2275 ‘ficto
459 2223 573 2272 sine
596 2223 783 2272 dubio:
807 2223 897 2272 sed
917 2236 1069 2288 quem
1093 2222 1359 2288 integrare

286 2294 382 2347 nos
427 2296 589 2348 facile
645 2313 931 2362 possumne,
994 2300 1191 2349 inserta
1232 2316 1360 2352 voce

289 2374 467 2437 unica,
488 2388 603 2440 quae
628 2376 883 2440 quomodo
905 2377 1143 2442 perierit,
1163 2380 1250 2427 vix
1275 2380 1363 2428 ad-

285 2456 473 2516 specta
496 2467 577 2514 ea,
612 2468 789 2503 omnes
822 2454 1090 2523 videbunt.
1156 2455 1361 2521 Scribo,

280 2543 398 2593 pars
416 2530 579 2593 populi
600 2530 808 2593 integra,
842 2536 890 2580 et
913 2532 1102 2595 mugnis
1118 2534 1245 2583 dom.
1280 2550 1363 2584 an·

285 2606 403 2655 nexi
433 2608 627 2657 clientes
645 2607 910 2672 libertique,
930 2609 1099 2673 quique
1120 2613 1361 2660 damnato·

284 2696 412 2746 rum,
448 2688 529 2748 ἔμ’.
581 2685 637 2734 id
672 2692 773 2749 est,
815 2693 1072 2751 quotquot
1108 2686 1359 2737 damnati.

285 2764 437 2819 Idem
481 2766 675 2829 valeat,
712 2769 830 2830 quod
851 2769 1203 2817 damnatorum:
1235 2784 1362 2834 qno·-

285 2842 441 2891 modo
463 2842 547 2892 hic
570 2842 726 2892 etiam
763 2842 942 2892 addita
978 2845 1166 2907 copula
1203 2842 1363 2894 scribi

287 2925 487 2983 potest,
518 2928 572 2969 et
604 2919 750 2969 forte
786 2921 949 2984 magis
983 2919 1160 2970 debet.
1230 2921 1362 2973 Haec

215 3030 231 3047 .
288 2996 429 3049 enim
451 2995 619 3045 forma
642 2996 830 3047 Tacito
869 2997 1122 3061 crebrior,
1163 3004 1219 3047 et
1249 3014 1362 3062 pas·

286 3073 384 3125 sim
407 3074 559 3137 legis,
579 3076 700 3137 quod
713 3074 941 3138 equitnm,
978 3077 1100 3137 quod
1128 3076 1362 3138 peditum,

397 3140 404 3147 ’
852 3151 1100 3200 Ceterum
1152 3166 1218 3201 ex
1262 3152 1362 3201 bac

288 3227 656 3278 emendatione
680 3229 873 3290 integra
908 3242 1024 3291 pars
1056 3229 1216 3292 populi
1256 3244 1360 3278 non

276 3303 389 3369 jam
412 3319 535 3354 cum
579 3305 757 3368 Lipsio
797 3304 1107 3368 accipienda
1141 3306 1361 3372 sincera,

285 3389 342 3432 et
384 3382 600 3431 lascivia
637 3389 928 3446 temporum
964 3375 1065 3431 non
1089 3390 1362 3447 corrupta,

288 3459 380 3509 sed
406 3460 702 3522 incolumia,
735 3465 791 3510 et
811 3459 896 3509 cui
920 3464 1087 3509 status
1110 3475 1230 3510 suns
1264 3463 1361 3511 sal·

285 3551 398 3587 vus.
441 3536 693 3599 ‘Integros
731 3536 868 3585 enim
916 3537 1136 3599 opponit
1180 3543 1363 3587 auctor

288 3613 557 3663 exsulibus
580 3618 636 3662 et
656 3612 909 3661 damnatis.
923 3611 1208 3662 Acidaliae.
1233 3615 1361 3663 Pro-

288 3691 536 3741 culdubio
559 3689 753 3739 rectius
796 3705 829 3738 a
865 3688 1042 3753 Lipsio
1064 3696 1361 3740 correctum

288 3781 349 3818 ac
375 3768 704 3817 distinctum.
769 3767 912 3816 Male
933 3773 990 3816 et
1012 3765 1228 3817 confuse
1251 3761 1361 3817 v'ul-

285 3861 373 3910 go.
408 3847 641 3895 Piclaena.
708 3846 936 3910 Legerat
958 3845 1163 3915 ⁵Lipsius
1184 3848 1361 3896 annexi

284 3924 500 3987 clientes,
521 3926 603 3986 &a
638 3923 798 3988 idque
822 3924 874 3972 in
899 3930 1103 3972 textum
1126 3923 1362 3973 Pichena

285 4007 580 4064 receperat.
645 4000 749 4049 Sed
771 4014 921 4064 ‚pace
957 3999 1186 4050 Doctiss.
1208 4001 1362 4057 Viro-

286 4091 398 4126 rum
445 4076 691 4140 dixerim,
747 4077 1018 4140 vulgat-am
1079 4076 1359 4127 lectionem

285 4157 441 4222 longe
487 4167 602 4206 esse
646 4155 1042 4220 praeferendam.
1106 4155 1363 4223 Loquitur

288 4234 357 4283 de
413 4240 568 4298 parte
610 4233 790 4298 populi
843 4233 1156 4297 honestiore,
1210 4235 1310 4283 διο.
1331 4231 1362 4265 ⁴*

288 4311 590 4362 Freinshem.

351 4388 494 4440 Cn.
517 4394 568 4438 5.
616 4382 787 4446 Qaiin
807 4387 947 4451 bello]
1014 4389 1202 4441 Placet
1234 4385 1364 4448 fere,

425 4471 612 4539 Delph.
632 4474 682 4523 et
711 4470 827 4524 Var.
846 4472 977 4524 Clas.

1324 4466 1480 4520 Tacit.

2327 439 2505 515 4129

1230 599 1371 650 Inte·
1444 601 1616 666 qnod
1603 618 1654 652 ιιι
1676 602 1876 683 scripto
1912 601 2051 653 filius
2088 612 2233 654 meus
2268 606 2502 663 ,Iacobus

1443 679 1635 729 Oxonii
1676 678 1908 731 'notavitt
1953 683 1968 709 ‘
1992 680 2214 731 eundem
2256 683 2309 734 in
2347 700 2502 777 pace,

1439 770 1594 821 quem
1617 757 1669 806 in
1689 757 1825 807 bello
1842 756 2046 806 locum!
2083 757 2288 809 Gronov.

1508 834 1580 884 Et
1613 835 1827 898 quamvis
1845 835 2000 898 capite
2020 820 2297 895 defectionis
2320 834 2502 904 abhuc]

1437 908 1529 959 Ab
1568 910 1805 961 omnibus
1842 911 2222 999 exemplaribus
2262 913 2503 969 dissenti

1439 1003 1534 1037 ens
1555 988 1640 1039 hic
1666 1003 1779 1053 pro,
1802 993 1872 1052 et,
1906 988 2111 1052 scripsi,
2135 990 2233 1039 Sed-
2271 993 2502 1057 quumvis,

1435 1059 1518 1128 &a
1585 1066 1721 1114 Nam
1759 1073 1997 1116 extrema
2032 1068 2264 1130 proxime
2307 1085 2503 1132 praece⁴

1438 1140 1613 1191 dentis
1635 1142 1870 1191 vocabuli
1892 1142 2044 1193 litera
2066 1152 2148 1193 est
2174 1146 2226 1194 S.
2260 1146 2418 1197 Rhea.

1437 1240 1446 1246 ·
1504 1217 1741 1267 Manebat
1771 1219 2006 1282 plerisque
2040 1219 2248 1270 militum
2269 1222 2504 1273 conscien-

1437 1295 1535 1360 tia]
1618 1296 1996 1346 Conscientiam
2035 1298 2241 1362 quidem
2286 1314 2503 1351 necesse

1436 1377 1521 1423 est
1562 1372 1805 1422 mansisse
1845 1374 2098 1438 omnibus,
2149 1391 2251 1429 non
2296 1384 2502 1429 tantum

1436 1450 1714 1513 plerisque.
1791 1450 1897 1500 Sed
1942 1451 2179 1500 nimirum
2224 1455 2505 1504 emendan-

1436 1527 1558 1576 dum
1582 1528 1867 1579 constantia.
1931 1528 2095 1578 Solito
2119 1529 2206 1578 illo
2237 1536 2294 1579 et
2329 1531 2503 1595 vulga·

1437 1605 1633 1655 tissimo
1654 1620 1830 1655 errore
1853 1611 2046 1654 mutnae
2070 1606 2209 1654 inter
2232 1607 2320 1656 bas
2343 1621 2502 1671 voces

1433 1681 1851 1745 permutationis,
1867 1695 2017 1746 quam
2036 1683 2322 1733 notavimus
2342 1684 2503 1734 etiam

1432 1759 1485 1807 in
1513 1758 1688 1821 Agric.
1714 1759 1908 1809 Acidal-

1502 1837 1664 1900 Neqne
1698 1836 1921 1901 deerant]
1985 1836 2117 1902 Nos,
2157 1854 2245 1890 nec
2283 1839 2500 1889 deerant.

1433 1911 1733 1964 Rhenanus.

1517 1990 1737 2040 Militari
1764 1989 1905 2051 fama
1941 1992 2194 2057 celebrata]
2280 1993 2344 2043 In
2387 1995 2500 2059 illo,

1434 2080 1588 2131 quem
1613 2068 1822 2117 Sueton.
1853 2068 2009 2118 Galb.
2042 2075 2092 2119 6.
2128 2070 2274 2134 citat,
2314 2085 2500 2133 versu;

1434 2144 1449 2170 ‘
1476 2143 1636 2192 Disce
1652 2144 1796 2193 miles
1819 2143 2065 2209 militare,
2082 2145 2258 2196 Galba
2276 2152 2376 2211 est,
2396 2160 2521 2209 non⁴

1435 2219 1766 2270 Gaetulicus!
1803 2220 2045 2271 Savillius.

1500 2298 1723 2360 Angebat
1743 2305 2094 2363 coe-spernentes
2130 2304 2331 2350 veterem
2362 2301 2505 2352 disei-

1430 2375 1637 2439 plinam]
1664 2377 2034 2440 Coaspernantes
2054 2378 2266 2431 verbum
2291 2392 2392 2426 non
2412 2379 2503 2429 bie

1436 2452 1591 2502 valde
1616 2452 1874 2503 idoneum.
1939 2455 2123 2503 Malim
2147 2469 2263 2504 cum
2287 2455 2503 2506 Mureto

1437 2532 1659 2595 simplex
1683 2535 2017 2596 aspernantes:
2048 2531 2147 2581 nisi
2172 2538 2341 2580 tamen
2366 2542 2505 2580 nova

1436 2611 1809 2675 compositione
1832 2609 2086 2659 formasse
2119 2610 2360 2658 Tacitum
2392 2598 2527 2657 cre·'

1442 2689 1625 2737 demus
1649 2691 2036 2752 conspernante35
2069 2686 2207 2751 quod
2228 2685 2356 2734 meis
2395 2685 2508 2751 qni-

1437 2766 1557 2816 dem
1582 2765 1856 2815 admodum
1879 2764 2158 2814 blanditur.
2183 2760 2374 2813 Acidal.

1508 2845 1722 2894 Virtutes
1742 2842 2043 2906 verebantur]
2108 2840 2330 2891 Credam
2373 2839 2509 2898 veri·

1435 2935 1514 2984 us,
1528 2919 1880 2969 reverebantur.
1904 2916 2187 2967 Acidalins.
2223 2918 2345 2967 Non
2364 2926 2509 2980 sper-

1436 3013 1502 3048 no
1524 3015 1538 3060 3
1574 2998 1665 3047 sed
1688 2996 1912 3047 fortasse
1935 2996 2136 3054 melius,
2160 2994 2510 3045 reverebantur.

1436 3073 1689 3125 Picbena.
1755 3073 1898 3137 Apta
1920 3073 2033 3121 heic
2055 3068 2264 3135 quidem
2299 3085 2401 3119 vox
2432 3086 2507 3119 re·

1436 3150 1720 3201 verebantur
1735 3167 1757 3211 ‚·
1788 3149 1879 3199 sed
1903 3149 2058 3201 nihilo
2079 3146 2395 3198 inefficacior
2416 3148 2509 3196 illa

1434 3234 1614 3276 nostra
1655 3228 1887 3291 vulgata,
1935 3232 1995 3275 ut
2028 3225 2232 3275 ostendi
2267 3223 2508 3287 exemplo

1439 3318 1543 3355 non
1580 3320 1701 3369 uno,
1733 3306 1783 3355 in
1826 3304 2085 3367 farragine
2125 3300 2508 3366 Suspicionuma

1439 3383 1694 3433 Gruterus.
1888 3394 1893 3399 ·
2452 3394 2458 3400 ’

1502 3461 1626 3522 Legi
1646 3476 1677 3508 α
1695 3474 1745 3508 se
1761 3459 2042 3523 principem,
2072 3471 2164 3506 non
2195 3454 2314 3518 emi]
2380 3453 2508 3504 Cas-

1440 3537 1733 3603 tigavimus,
1769 3537 1892 3599 Legi
1914 3552 1944 3584 a
1966 3550 2014 3585 se
2035 3535 2256 3597 militem,
2291 3526 2383 3582 n'on
2398 3533 2509 3584 emi.

1441 3615 1546 3666 Qui
1569 3614 1837 3679 supposuit
1856 3612 2136 3677 principem,
2171 3610 2379 3676 putavit
2410 3611 2508 3659 Ta-

1437 3691 1596 3741 citum
1636 3690 1774 3755 loqui
1804 3689 1870 3738 de
1893 3689 2106 3749 Pisone,
2149 3701 2303 3751 quem
2326 3687 2370 3734 is
2396 3687 2512 3736 Cae-

1438 3779 1605 3816 sarem
1650 3765 1797 3816 fecit.
1866 3765 1966 3815 Sed
2013 3762 2268 3828 praecedit
2299 3764 2511 3827 'veterent

1435 3842 1820 3906 disciplinamzid
1840 3841 2206 3905 accipiendum
2231 3839 2297 3888 de
2320 3838 2509 3888 milita.

1437 3923 1480 3970 ri
1502 3921 1855 3985 castrensique
1889 3918 2177 3981 disciplina.
2228 3917 2508 3969 Rhenanus.

1438 3998 1486 4047 Α
1510 3999 1727 4059 legendo
1746 3996 1884 4045 enim
1906 3995 2043 4058 legio
2061 3994 2223 4052 dicta,
2240 3992 2376 4056 qnod
2395 3993 2509 4043 scil·

1438 4076 1490 4123 in
1515 4075 1724 4124 delectu
1749 4074 1994 4137 leguntur
2016 4070 2223 4120 milites.
2257 4070 2421 4118 Varro
2440 4069 2510 4129 de

1440 4153 1501 4200 1..
1531 4151 1649 4199 Lat.
1671 4149 1708 4200 l.
1731 4163 1807 4197 ιν.
1845 4147 1985 4197 Pich.

1504 4229 1646 4277 CAP.
1668 4231 1718 4276 6.
1758 4226 1882 4274 Odio
1898 4222 2205 4288 flagitiorum
2228 4219 2507 4287 onerabant]

1438 4305 1584 4367 Sive,
1610 4311 1669 4352 ut
1690 4303 1811 4352 libri
1838 4301 2043 4366 scripti,
2062 4304 2324 4349 oneratum.
2390 4300 2511 4361 Vox

1441 4381 1655 4447 quidem
1672 4396 1739 4431 ea
1761 4379 2033 4431 retinenda
2049 4385 2153 4444 est,
2172 4377 2305 4427 male
2324 4392 2355 4425 a
2374 4377 2513 4427 Beav

2237 4462 2300 4510 12
2332 4458 2375 4511 F·
