3009 4942
481 548 657 612 miror‚
678 549 1041 614 castigationes
1076 564 1176 602 non
1199 565 1403 602 moror:
1440 566 1542 602 non

483 628 623 678 euim
664 629 1017 694 Thucydidem
1052 631 1370 694 damnamus,
1408 632 1541 696 ejus·

484 719 585 769 que
642 705 799 756 verba
856 707 1207 771 obliteramus,
1258 717 1544 772 propterea

487 781 626 845 quod
644 784 875 845 astricta,
898 791 950 832 et
988 786 1193 834 concisa
1223 788 1341 834 sint.
1378 792 1541 849 Kopw·

481 855 590 906 θίων
605 857 655 907 δὲ
672 859 974 919 Ξενοκλείδης
995 863 1022 908 ὁ
1038 862 1323 912 Εὐθυκλέους
1335 862 1545 924 πεμπτὸς

482 934 638 987 αὐτός·
663 953 763 1000 quo
809 940 862 987 iu
887 940 998 988 loco
1022 940 1363 990 Sclioliastes:
1404 940 1546 991 αὐτὸς

481 1009 587 1071 duri
604 1014 692 1064 τοῦ
711 1016 907 1077 πρῶτος.
935 1015 1171 1065 Dixisset
1187 1018 1344 1066 alius:
1364 1019 1378 1044 ‘
1398 1019 1544 1082 quin·

481 1104 583 1154 que
640 1090 1046 1140 Corinthiorum·
1085 1091 1242 1142 duces
1309 1094 1547 1157 aderant,

481 1179 693 1229 quorum
742 1171 1036 1232 praecipuus
1074 1177 1190 1221 erat
1226 1171 1546 1221 Xenoclides

481 1240 615 1292 filius
638 1245 940 1308 Euthyclis!
971 1247 1251 1300 Salina-ius.
1286 1250 1547 1313 Corrupte

481 1319 656 1382 vulgo,
678 1322 815 1383 regni
849 1324 1026 1372 ultimi.
1092 1324 1294 1388 Lipsius
1330 1326 1546 1389 egregie

482 1398 730 1460 correxit,
751 1400 931 1450 Tacito
954 1401 1066 1464 ipso
1086 1402 1310 1463 volente,
1335 1403 1426 1467 qui
1452 1419 1546 1453 sae-

484 1487 554 1537 pe
579 1474 652 1524 ita
674 1476 813 1541 loqui
858 1483 997 1526 amat
1034 1478 1121 1530 lib.
1155 1491 1232 1528 1v.
1268 1478 1545 1543 x11.,&c.*

483 1551 711 1602 Pit-hena.

497 1658 501 1665 -
551 1628 771 1678 Occultos
806 1630 1027 1737 consulit]
1079 1629 1277 1697 Scribo,
1329 1632 1546 1695 conligit.

484 1702 711 1767 Lipsius.

547 1779 774 1845 Aliosque
798 1785 1001 1834 occultos
1039 1786 1262 1850 consulit]
1295 1785 1429 1835 Usus
1463 1740 1547 1837 est

475 1854 689 1907 Tacitus
718 1859 815 1908 boc
851 1860 1009 1910 verbo
1044 1876 1219 1926 supra,
1251 1869 1311 1912 ut
1343 1863 1409 1912 ad
1428 1877 1546 1912 eum

480 1933 657 1982 locum
709 1938 1020 1990 notavimus.
1088 1939 1242 1992 Quod
1296 1954 1422 1989 vero
1455 1939 1546 1989 ob-

481 2011 683 2061 scurius
719 2013 1007 2079 videretur,
1051 2017 1282 2067 Facu-nus
1324 2033 1419 2081 pro
1464 2032 1548 2081 eo,

478 2090 787 2154 reponebat,
807 2093 1030 2156 conscios,
1048 2096 1131 2144 vel
1157 2095 1328 2157 potius
1351 2094 1419 2144 ad
1441 2095 1549 2143 vul·

480 2172 656 2230 gatam
672 2169 998 2233 scripturam,
1018 2171 1216 2221 consilii.
1249 2172 1364 2222 Nos
1401 2177 1550 2236 puta-

479 2258 595 2294 mus
633 2245 758 2295 nihil
780 2248 1084 2297 mutandum
1119 2263 1252 2299 esse.
1326 2249 1546 2299 Ursinus.

478 2319 629 2372 Ferri
654 2330 851 2387 potest,
873 2324 1095 2388 consulit,
1118 2333 1176 2375 ut
1198 2325 1547 2391 intelligatur,

480 2397 757 2450 Sinnacem
800 2402 854 2450 in
872 2403 1142 2452 consilium
1176 2418 1331 2468 super
1352 2405 1439 2454 illa
1462 2406 1549 2455 de·

480 2472 713 2527 sectione
749 2478 1062 2529 adhibuisse
1082 2478 1416 2544 Abdagesem
1456 2496 1548 2544 pa-

480 2557 635 2615 trem,
657 2555 883 2620 aliosque
907 2557 1144 2607 occultos
1174 2558 1380 2607 amicos.
1401 2560 1549 2609 Man.

480 2633 676 2694 tamen,
716 2633 919 2682 consilii.
988 2632 1240 2684 Picbena.
1311 2633 1391 2684 An
1444 2649 1549 2685 non

480 2707 665 2758 melius
680 2706 888 2759 occulto?
920 2710 1127 2774 Lipsius
1149 2712 1306 2761 etiam
1327 2727 1421 2776 pro
1442 2729 1548 2765 con-

481 2784 597 2832 sulit
616 2784 796 2834 scribit
816 2787 1032 2850 conligit,
1056 2787 1191 2851 quod
1217 2789 1304 2838 vix
1326 2790 1549 2853 accipio.

481 2858 786 2923 Promptius
827 2863 1065 2915 conciliat.
1130 2864 1233 2914 Sed
1272 2866 1455 2914 mirum
1494 2868 1549 2916 ni

480 2935 691 2986 Tacitus
713 2937 789 2986 sic
827 2939 1064 3002 scripsit:
1101 2940 1303 2990 Patrem
1332 2942 1551 3005 Abdage-

481 3025 598 3060 sem-
615 3011 838 3076 nliosque,
873 3016 1073 3067 occultos
1116 3018 1318 3080 consilii,
1352 3023 1401 3068 et
1437 3024 1549 3069 tunc

477 3088 717 3138 coutinuis
736 3091 946 3141 cladibus
960 3095 1287 3157 promptiores.
1347 3095 1440 3145 Ait
1458 3112 1549 3147 eos

483 3165 759 3216 consilium
814 3168 1128 3221 defectionis
1168 3175 1373 3223 occulte
1409 3176 1548 3236 apud

482 3256 538 3290 se
560 3242 830 3295 habuisse:
870 3254 988 3311 post
1008 3250 1229 3314 repertis
1253 3251 1550 3301 auctoribus

477 3320 702 3381 animum
723 3322 1025 3385 detexisse.
1105 3327 1299 3376 Verum
1353 3328 1469 3390 hoc,
1508 3328 1551 3378 si

410 3405 414 3409 ’
485 3400 611 3463 quid
643 3401 802 3464 aliud,
824 3409 970 3452 certo
995 3408 1139 3466 puto.
1199 3403 1423 3452 Occultus
1444 3418 1550 3452 coit·

477 3472 600 3540 tilii,
619 3485 679 3528 ut
712 3478 990 3538 manifestus
1012 3479 1213 3538 consilii,
1232 3480 1551 3541 cogitationis,

483 3554 660 3620 (cujus
702 3558 993 3620 exemplum
1025 3571 1091 3605 ex
1127 3556 1220 3606 lib.
1265 3570 1358 3607 xv.
1395 3558 1549 3622 paulo

483 3636 605 3680 aute
628 3631 883 3695 dedimus)
898 3634 1110 3697 flagitii,
1139 3633 1430 3696 ambitionis,
1468 3650 1552 3684 va-

482 3706 671 3771 nitatis,
695 3708 890 3773 passim
913 3710 967 3756 in
986 3710 1188 3759 Tacito.
1253 3710 1539 3761 Acidaliae

549 3784 686 3834 CAP.
745 3788 826 3835 87.
880 3785 1238 3836 Suovetaurilia
1277 3789 1435 3852 daret,
1468 3790 1551 3839 ine

483 3857 674 3923 equum]
737 3858 768 3888 ‘¹'
825 3874 1118 3925 concepere
1172 3868 1371 3925 votum,
1425 3864 1545 3915 &c.'

482 3935 643 4000 Apud
676 3936 1022 4000 Massagetas,
1043 3938 1170 3986 item
1211 3939 1335 3988 Soli.
1360 3939 1550 3990 Strabo

475 4012 577 4063 lib.
614 4027 696 4064 xl.
730 4012 849 4062 Θεὸν
882 4012 934 4062 δὲ
966 4013 1104 4072 ἣλιον
1133 4012 1277 4076 μόνον
1308 4014 1552 4083 ἡγοῦνται,

479 4086 636 4150 τούτῳ
678 4088 728 4139 δὲ
780 4090 1102 4141 incomta«.
1166 4092 1378 4155 Pugnat
1431 4108 1552 4144 cum

484 4166 852 4229 superioribus,
896 4167 1035 4232 quod
1071 4167 1211 4218 idem
1232 4169 1422 4219 Strabo
1456 4172 1550 4223 lib.

477 4252 584 4291 αν.
626 4241 692 4290 de
733 4243 1001 4297 Carmanis
1044 4245 1258 4296 scribit:
1309 4245 1455 4297 ’'Ovov
1494 4267 1553 4299 τε

484 4313 652 4381 flium
670 4321 738 4384 τῷ
756 4317 906 4385 Ἄρει,
920 4319 977 4371 ὃν
997 4317 1175 4387 Πέρσαι
1194 4319 1418 4380 σέβονται
1436 4328 1554 4379 θεῶν.

428 4744 556 4880 ι
610 4682 619 4691 ,

1188 404 1405 457 No‘rAE
1458 406 1688 477 vulno
1701 406 1858 458 Rtm
1909 408 1989 458 IN

1617 551 1776 614 μόνον.
1827 552 1936 604 Alii
1961 553 2094 604 enim
2119 551 2295 603 Persis
2318 553 2512 617 Solem,
2536 562 2687 619 quem

1619 630 1865 679 Mithram
1912 630 2110 689 dicunt,
2133 629 2283 679 deum
2336 630 2544 678 unicum
2596 629 2689 678 tri-

1616 705 1801 770 buunt,
1836 720 1936 756 non
1971 708 2215 772 Martem,
2235 712 2293 755 ut
2313 707 2395 755 bic
2418 704 2543 770 (per
2565 704 2691 755 obli-

1620 785 1820 834 vionem
1843 783 2006 844 forte)
2037 784 2245 834 Strabo.
2310 784 2522 849 Lipsius.
2622 828 2629 841 ἰ

1650 898 1655 905 .
1682 862 2034 911 Summam-ilia
2053 860 2215 924 daret]
2232 861 2525 923 Corruptus
2546 859 2691 909 locus

1619 945 1732 999 est;
1769 945 1827 988 ut
1870 937 2221 1003 reponendum
2266 938 2519 1001 suspicer,
2566 938 2691 985 Soli-

1621 1016 1835 1065 taurilia.
1901 1018 2034 1064 Sunt
2055 1015 2167 1065 haec
2203 1014 2475 1076 sacrificia,
2499 1013 2689 1078 quibus

1621 1099 1725 1142 tres
1750 1093 1969 1142 diversae
1990 1093 2172 1142 hostia.²
2206 1092 2562 1150 immolantur,
2586 1096 2691 1139 ἰαι-

1618 1185 1715 1231 m,
1748 1171 1893 1231 aries,
1915 1184 2101 1219 verres.-
2133 1169 2207 1217 sic
2242 1169 2403 1231 dicta,
2437 1167 2580 1232 quod
2614 1168 2691 1216 ἰιι-

1622 1248 1756 1311 tegri
1810 1248 2044 1312 corporis
2095 1247 2205 1295 baec
2259 1246 2502 1295 animalia
2561 1244 2689 1294 sint.

1621 1323 1785 1373 Solum
1829 1324 1971 1385 Osca
2014 1324 2188 1387 lingua
2225 1327 2376 1371 totum
2412 1319 2692 1384 significat.

1622 1400 1823 1450 Festus.
1894 1400 2032 1450 Hinc
2079 1399 2409 1462 Solopychium
2461 1397 2690 1447 Catullo.

1622 1478 1792 1527 Erunt
1817 1475 2040 1527 fortasse
2069 1475 2249 1542 quibus
2273 1476 2396 1525 nibil
2420 1476 2693 1525 immutan-

1623 1553 1744 1604 dum
1768 1553 2045 1614 videbitur,
2081 1560 2139 1601 ut
2169 1566 2269 1600 vox
2294 1551 2361 1600 sit
2398 1549 2694 1614 composita

1624 1645 1655 1679 a
1674 1644 1773 1693 sue,
1793 1646 1894 1693 ove,
1913 1638 1969 1680 et
2003 1636 2156 1681 tauro.
2224 1628 2327 1678 Sed
2363 1635 2512 1677 certe
2537 1627 2689 1685 nimis

1622 1708 1843 1758 insoleus
1858 1714 1937 1758 est
1948 1708 2270 1771 compositio.
2294 1706 2532 1755 Alciatus.
2562 1704 2697 1755 Scri·

1620 1783 1864 1847 bendum,
1894 1799 1991 1847 sae,
2011 1799 2111 1847 ove,
2137 1783 2347 1832 Tamum
2378 1784 2536 1831 daret.
2605 1779 2692 1830 Sic

1622 1860 1760 1910 enim
1801 1861 1980 1910 Livius
2023 1875 2226 1926 quoque
2257 1859 2487 1922 loquitur
2520 1856 2611 1906 lib.
2640 1869 2688 1904 ι.

1619 1936 1740 1986 ‘Ibi
1794 1937 2105 1987 instructum
2161 1936 2446 1984 exercitum
2486 1938 2691 1982 omnem

1624 2032 1734 2081 sue,
1756 2031 1875 2080 ove,
1905 2016 2200 2066 Taurilibus
2219 2010 2501 2062 lustravit.'
2536 2012 2692 2061 Tam-

1623 2095 1722 2145 etsi
1776 2095 1828 2144 in
1872 2094 2106 2144 omnibus
2181 2089 2517 2151 editionibus,
2574 2100 2690 2153 quae

1621 2171 1776 2221 bodie
1835 2178 2034 2233 extant,
2078 2171 2231 2233 'vulgo
2275 2182 2372 2232 pro
2420 2164 2692 2216 Tuan-ilibus

1624 2254 1869 2312 corrupte
1908 2246 2116 2310 legitur,
2140 2244 2381 2309 taur-isque
2419 2243 2579 2293 tribus
2598 2242 2693 2290 lm-

1622 2326 1789 2375 travit.
1856 2325 2050 2373 Verum
2092 2337 2185 2372 nos
2239 2321 2495 2370 sinceram
2532 2320 2692 2369 istam

1622 2402 1903 2452 lectionem
1915 2397 2349 2465 deprehendimus
2363 2398 2417 2445 in
2432 2396 2696 2445 volumine

1622 2480 1994 2542 manuscripto,
2015 2476 2151 2542 quod
2164 2478 2263 2527 huc
2286 2475 2426 2524 misit
2436 2474 2580 2524 Clar.
2618 2466 2697 2522 ὗίι·

1624 2557 1950 2607 Reinbardus
1994 2570 2025 2605 a
2070 2555 2311 2618 Rietpur,
2349 2552 2697 2602 Borbetoma

1626 2634 1797 2698 gensis
1851 2632 2087 2683 ecclesiae
2143 2630 2390 2679 decanus.
2448 2628 2698 2678 Ludoruas

1624 2709 1884 2759 Tamilium
1919 2722 2094 2758 rursus
2131 2704 2367 2755 meminit
2409 2703 2529 2753 Liv.
2554 2704 2699 2753 l.1x.

1624 2786 1790 2837 ‘Ludi
1831 2786 2054 2836 Taurilia
2076 2799 2170 2849 per
2211 2784 2423 2832 biduum
2462 2780 2594 2830 facti
2619 2793 2701 2828 re-

1623 2865 1829 2928 ligionis
1869 2863 2054 2914 causa.'
2133 2861 2406 2912 Rhenanus.
2475 2859 2698 2908 Lustra·

1624 2941 1779 2992 batur
1821 2941 2104 3003 exercitus,
2126 2937 2367 2989 mactatis
2417 2949 2531 2996 sue,
2579 2949 2701 2998 ove,

1624 3019 1920 3082 taurisquez
1955 3024 2013 3067 ut
2049 3025 2233 3066 auctor
2271 3022 2354 3064 est
2382 3013 2562 3062 Livius
2588 3014 2623 3063 l.
2659 3027 2702 3077 ι.

1623 3094 1744 3144 iude
1763 3109 1948 3143 nomen
1971 3094 2312 3158 compositum
2336 3090 2439 3141 fuit
2475 3106 2506 3139 a
2531 3091 2696 3140 Corn.

1622 3172 1988 3222 Suovetwilia.
2047 3172 2336 3221 FerrettuS.
2369 3170 2384 3196 ‘
2410 3167 2584 3229 Sunt?
2621 3168 2700 3217 ait

1625 3249 1926 3313 Pompeius,
1974 3252 1989 3278 ‘
2031 3248 2120 3314 qui
2164 3253 2352 3311 putent
2406 3260 2474 3295 ex
2523 3245 2696 3295 tribus

1624 3326 1802 3375 hostiis
1823 3339 2010 3381 nomen
2042 3323 2329 3387 inclusum,'
2362 3337 2455 3373 sue
2487 3327 2545 3373 et
2576 3324 2701 3385 ove,

1625 3419 1742 3453 cum
1778 3404 1942 3453 solido
1981 3410 2150 3467 tauro,
2185 3409 2241 3453 et
2280 3402 2511 3452 omnium
2536 3403 2700 3452 trium

1625 3481 1891 3531 vocabulis
1917 3479 2167 3544 confusis,
2189 3479 2291 3530 dici
2318 3477 2704 3540 Suovetanriliae,

1627 3558 1810 3622 quibus
1831 3558 1884 3607 in
1922 3557 2020 3608 boc
2043 3557 2160 3607 loco
2181 3556 2443 3619 Vitellius,
2477 3560 2540 3605 ut
2561 3554 2702 3605 Livii

1624 3633 1713 3682 lib.
1738 3647 1777 3683 1.
1809 3633 2024 3682 Servius
2041 3632 2242 3682 Tullius
2281 3632 2572 3680 exercitum
2595 3631 2702 3680 lus-

1628 3709 1802 3758 travit.
1870 3707 2020 3758 Idem
2036 3716 2094 3759 et
2116 3708 2277 3758 Marti
2294 3706 2704 3757 Suovetoeurilibus

1624 3783 2046 3849 piaculum‘fieri,
2078 3785 2276 3849 scribit,
2297 3784 2386 3835 lib.
2418 3797 2522 3834 vn.
2587 3783 2703 3834 Sed

1626 3863 1836 3912 Alciato
1860 3863 2012 3913 nimis
2031 3862 2255 3912 insolens
2276 3862 2367 3912 illa
2380 3860 2702 3926 compositio

1628 3944 1856 3994 videtur.
1919 3945 2036 4009 Ego
2058 3957 2249 4013 censeo
2272 3957 2366 4007 pro
2409 3943 2704 4009 sacrificiis,

1627 4037 1744 4089 quae
1768 4021 1983 4071 diversis
2011 4021 2193 4071 hostiis
2227 4017 2433 4083 fierent,
2463 4030 2705 4073 necessa·

1628 4097 1706 4146 ria
1723 4097 1924 4148 diversa
1936 4096 2146 4146 nomina
2162 4094 2336 4158 fuisse,
2354 4096 2703 4161 admittoque,

1624 4175 1717 4225 ubi
1740 4188 1910 4237 verre,
1932 4173 2116 4236 ariete,
2137 4178 2192 4222 et
2232 4177 2385 4222 tauro
2420 4179 2702 4237 operatum

1632 4253 1753 4329 erit,
1774 4264 1958 4301 nomen
1982 4248 2299 4313 solitaurilia,
2333 4249 2500 4314 quod
2512 4254 2703 4312 potue

1626 4337 1752 4381 runt
1792 4335 1999 4397 veteres
2035 4327 2251 4411 dixisse,
2296 4326 2704 4381 Veraritauruiae
