3009 4942
811 415 1999 487 12113.,x,11-0AP.48..·A‘NNAL1UM

173 533 205 644 ·.
291 568 687 633 eonjunetiones
709 585 739 619 a
759 570 943 620 Tacito
958 570 1361 623 dissimulentur.

285 645 534 695 Demett.
573 645 632 693 τὸ
671 645 722 694 δὲ
764 664 968 710 rotomo,
1012 625 1171 711 κυρτὰ,
1207 658 1361 711 φαλη-

286 720 507 786 ριόωντα,
529 726 592 787 τῇ
613 722 835 787 &gorpiaei
867 726 953 772 τοῦ
985 725 1063 775 καὶ
1085 724 1362 790 συνδέσμου,

287 800 659 866 mellendo-spor
689 801 845 862 ἀπέβη
878 807 1082 863 μᾶλλον,
1103 804 1135 863 ἢ
1154 804 1195 854 εἰ
1217 805 1361 867 εἶπεν,

285 879 440 947 κυρτὰ
480 879 561 928 καὶ
597 879 960 945 φαληριόωνταε
1001 883 1035 932 i.
1071 884 1181 932 Hoc
1216 900 1359 945 επυη,

283 956 503 1018 tumidae,
524 965 814 1020 spumantes,
836 961 1044 1022 dempta,
1063 966 1128 1021 et,
1141 963 1360 1023 conjunc-

273 1033 436 1095 tione,
457 1035 607 1095 mnjus
627 1037 794 1097 evasit,
818 1052 954 1099 quom
975 1037 1019 1085 si
1039 1037 1108 1085 sic
1135 1039 1358 1102 dixisset,
1375 1052 1388 1063 ·

279 1109 487 1160 tunaidae
506 1116 556 1160 et
575 1118 863 1174 spumantes.
936 1115 1196 1164 Praeterea
1228 1116 1360 1164 solli-

284 1184 470 1237 citudo
493 1187 749 1252 reddendi
772 1190 1163 1253 conjunctiones
1192 1207 1360 1254 gram-

194 1299 200 1305 .
282 1263 539 1333 maticum
574 1266 742 1328 sapit:
779 1267 897 1316 hinc
928 1268 1197 1331 Philippus
1232 1270 1268 1317 1.
1289 1283 1356 1320 11.

281 1338 575 1404 Antholog.
594 1339 862 1402 συνδέσμων
877 1347 1063 1407 λυγρῶν
1081 1343 1354 1408 Eupho-opes:

281 1416 319 1465 i.
364 1418 741 1479 conjunctionum
774 1422 1068 1469 molestarum
1101 1428 1357 1472 venatores.

281 1493 484 1542 Verum
525 1494 656 1544 trahi
695 1495 761 1544 ob
801 1495 854 1545 id
879 1497 1179 1560 probrosum
1205 1499 1341 1549 duco

285 1571 429 1635 quod
456 1587 644 1636 pecora
677 1575 754 1624 sic
792 1577 1078 1627 minentur:
1114 1579 1128 1605 ⁴
1150 1578 1242 1627 sed
1267 1592 1357 1642 pe·

284 1662 470 1697 corum
495 1652 649 1700 modo
673 1652 841 1703 trahi!
895 1653 1033 1705 Hinc
1057 1656 1216 1704 etiam
1239 1655 1356 1703 Vir,

276 1714 440 1790 'gilius
488 1728 555 1779 de
600 1730 825 1781 barbara
874 1734 1089 1797 loquens
1136 1731 1357 1783 affectus

266 1797 421 1857 ciet:
461 1807 477 1835 ‘
502 1808 644 1859 Ecce
669 1809 972 1859 trahebatur
1011 1811 1173 1874 passis
1201 1810 1356 1860 Pria-

275 1882 419 1939 meia
464 1883 613 1946 virgo
655 1885 892 1935 Crinibus
927 1903 960 1936 a
991 1887 1187 1950 templo
1233 1888 1356 1936 Cas-

277 1958 472 2007 sandra
512 1959 790 2026 adytisque
835 1962 1125 2011 Minervae?
1200 1963 1355 2014 Quod

278 2034 431 2099 prius
454 2037 603 2085 sacra
629 2037 827 2101 *pagina
861 2036 1104 2088 flebiliter
1141 2054 1355 2103 usurpa-

277 2111 357 2161 vit
394 2111 596 2162 Jerem.
634 2114 684 2161 in
721 2114 956 2163 Lament.
978 2115 1232 2164 cervicibus
1250 2130 1354 2164 nos-

276 2187 374 2245 tris
414 2190 729 2241 minabamur.
797 2191 885 2243 Ita
923 2192 1246 2241 doctissimus
1281 2192 1354 2241 in-

276 2252 595 2329 terpretum.
645 2266 853 2316 Certior
876 2284 907 2317 a
926 2282 1009 2316 me
1032 2268 1352 2329 discederes,

234 2339 321 2403 ”si
356 2334 531 2404 major
571 2350 711 2393 esset
730 2345 901 2409 copia,
926 2345 1018 2394 sed
1051 2361 1152 2395 non
1184 2346 1354 2397 omnia

277 2418 521 2489 pluribus
543 2421 766 2470 testibus
800 2419 1096 2486 consignari
1109 2431 1352 2486 =possunt.

177 2506 184 2511 ’
276 2495 541 2561 Exemplo
561 2498 704 2547 sitin
727 2499 947 2562 captivis
970 2500 1150 2550 incisio
1179 2500 1352 2551 vincu-

274 2571 478 2636 lorum:
512 2574 729 2638 Joseph.
763 2589 819 2627 v,
859 2581 938 2627 12.
977 2578 1042 2626 de
1083 2577 1222 2627 bello
1259 2579 1352 2637 Ju-

276 2648 418 2709 daie.
476 2651 661 2701 ‘Titus
719 2667 864 2718 vero,
906 2654 994 2718 qui
1037 2669 1154 2703 cum
1199 2663 1351 2720 patre

274 2726 485 2800 aderat,
488 2727 690 2791 justum
716 2737 793 2778 est
816 2728 1033 2796 (iuquit)
1056 2739 1223 2794 pater,
1249 2747 1352 2785 una

274 2818 396 2854 eum
443 2804 584 2855 ferro
629 2807 787 2859 etiam
833 2809 1027 2872 probio
1064 2810 1349 2874 Josephum

273 2881 444 2931 solvi:
480 2884 583 2933 erit
619 2885 755 2934 enim
790 2892 1036 2951 tanquam
1068 2902 1164 2937 nec
1200 2888 1349 2938 initio

275 2957 487 3010 vinctus
525 2952 614 3025 sit,
635 2963 679 3011 si
702 2978 801 3012 non
827 2963 1232 3027 dissolverimus,
1256 2961 1349 3014 sed

274 3020 614 3087 inciderimus
649 3045 891 3089 catenas:
926 3054 1146 3105 namque
1183 3041 1236 3088 id
1265 3042 1347 3105 agi

277 3108 415 3163 solet
454 3113 508 3162 in
550 3114 647 3176 bis,
683 3116 772 3180 qui
812 3131 914 3165 nou
964 3124 1110 3167 recte
1154 3117 1350 3168 fuerint

276 3187 479 3239 vincti!
546 3191 618 3240 Et
654 3192 786 3257 ignis
825 3194 1063 3257 praelatio
1101 3202 1224 3245 ante
1256 3196 1348 3244 im-

276 3272 579 3330 peratores:
617 3275 803 3333 quotus
827 3272 964 3319 enim
988 3272 1202 3339 quisquc
1226 3271 1347 3337 (nisi

279 3339 359 3401 hi)
379 3343 508 3392 talia
527 3347 789 3395 memoriae
816 3348 1111 3412 prodidere.
1147 3349 1347 3401 Heiod.

280 3410 336 3469 in
375 3422 646 3474 Commod.
702 3425 1018 3476 Solimi-ius.
1060 3429 1234 3496 Lege:
1292 3444 1349 3479 ac

276 3500 492 3561 compede
512 3513 596 3548 suo
626 3500 783 3564 (quod
804 3503 1074 3551 dedecorum
1097 3503 1349 3567 barbaris)

277 3573 590 3624 trahebatur.-
642 3592 761 3626 nam
808 3579 860 3628 S»
898 3594 993 3643 pro
1036 3581 1186 3645 siglo.
1252 3582 1348 3632 Ait

278 3646 533 3716 Bai-boris.
613 3653 717 3703 Sed
760 3654 878 3706 dico
925 3658 1085 3707 etiam
1127 3659 1345 3711 Graecis„

275 3727 497 3779 Plautus
528 3729 733 3794 captiv.
767 3733 782 3759 ‘
806 3732 880 3782 At
909 3748 1001 3782 nos
1024 3735 1203 3799 pudet,
1225 3737 1349 3800 quia

279 3819 390 3853 cnm
414 3807 617 3856 catenis
640 3808 851 3858 sumus.’
890 3811 962 3860 Et
986 3811 1022 3860 l.
1047 3824 1110 3860 11.
1140 3812 1269 3876 Reg.
1293 3813 1347 3862 in

278 3881 646 3934 lamentatione
667 3878 863 3936 Abner.
928 3888 1170 3939 Aurelius.

288 4016 296 4023 ι
342 3959 413 4009 Et
433 3965 571 4011 erant
593 3975 618 4009 e
638 3961 825 4024 contra]
848 3961 935 4011 Ita
952 3964 1184 4014 Florent.
1220 3966 1347 4015 Vul-

283 4053 364 4105 go,
402 4045 455 4089 et
498 4031 634 4090 mont
676 4046 856 4090 contro.
914 4041 1165 4094 Pichena.
1231 4045 1345 4107 Ego

282 4131 403 4167 vero
425 4131 542 4166 eam
567 4125 742 4169 notam
782 4125 912 4182 puto
951 4122 1221 4184 temporis,
1255 4120 1344 4185 qui

287 4190 480 4244 foetum
504 4202 586 4244 est
605 4194 735 4244 illud
758 4196 1057 4259 exemplar:
1094 4212 1212 4246 nam
1232 4212 1344 4248 aevo

283 4271 493 4330 meliore
515 4286 620 4321 non
643 4273 720 4322 sic
737 4272 1096 4337 loquebantur.
1134 4273 1345 4326 Gronov.

291 4399 302 4407 ,
345 4347 1025 4421 Fortuuoerommutotionem]
1056 4349 1201 4401 Male
1236 4351 1344 4401 vul·

2324 418 2499 493 Aoos

1438 588 1522 638 go,
1543 575 1903 626 commotionem.
1971 575 2195 638 Lipsius.

1503 652 1636 700 Cu».
1679 656 1764 702 48.
1831 655 2004 701 Omnes
2043 655 2190 710 scelus
2230 655 2499 721 externum]

1437 727 1720 775 Sementiae
1778 729 1985 777 reddita
2028 730 2138 788 lux,
2195 731 2237 779 si
2291 733 2501 797 scribas,

1440 805 1591 853 Omne
1611 807 1772 866 scelus,
1802 806 1977 854 littera
2011 806 2278 867 detracta,
2318 816 2374 858 ut
2394 809 2499 861 sint

1439 882 1596 929 verba
1616 897 1681 930 ex
1707 885 1938 932 oratione
1963 885 2300 932 censentium.
2359 885 2499 949 Lips.

1504 959 1681 1007 Omnes
1707 962 1854 1009 scelus
1885 960 2154 1023 externum]
2191 962 2392 1010 Praesto
2415 967 2499 1011 est

1434 1049 1635 1096 caussa,
1656 1052 1757 1101 qua
1781 1038 2105 1087 doctissimus
2131 1037 2203 1085 vir
2231 1039 2500 1101 supposuit

1432 1127 1588 1161 omne.-
1652 1115 1888 1163 nimirum
1946 1125 2349 1164 consentaneum
2395 1131 2498 1165 non

1434 1196 1569 1250 erat,
1626 1206 1820 1253 paucos
1861 1191 2026 1254 quibus
2077 1196 2224 1241 decus·
2261 1193 2498 1255 publicum

1432 1279 1559 1312 curoe
1579 1264 1740 1329 (quod
1774 1267 1886 1330 ipse
1910 1270 2103 1330 occipit
2128 1271 2283 1318 etiam
2307 1270 2372 1320 de
2407 1286 2499 1334 pu·

1433 1341 1621 1390 niendo
1643 1343 1997 1408 Rhadamisto)
2020 1346 2214 1394 dixisse
2247 1349 2394 1395 scelus
2415 1363 2498 1397 ex-

1431 1422 1618 1468 ternum
1636 1436 1741 1468 cum
1758 1422 1946 1471 laetitia.
2016 1423 2311 1485 Cognoscat
2333 1426 2500 1473 lector

1432 1502 1628 1558 nostra,
1673 1511 1788 1559 quae
1829 1495 2001 1549 forsan
2047 1513 2164 1547 eum
2215 1498 2399 1549 sistent
2444 1501 2497 1549 in

1432 1573 1781 1637 tranquillum.
1819 1568 2012 1638 A'gitur
2037 1575 2089 1623 in
2112 1576 2350 1638 concilio,
2372 1577 2496 1642 quid

1430 1662 1558 1710 opus
1580 1647 1724 1698 facto
1756 1650 1821 1698 sit
1858 1650 2066 1710 prodito
2085 1667 2116 1700 a
2143 1653 2383 1702 Romanis
2407 1653 2498 1702 mi·

1430 1725 1612 1775 litibus
1642 1740 1785 1791 rege,
1805 1728 2091 1792 eodemque
2110 1744 2142 1778 a
2166 1731 2497 1780 Rhadamisto

1430 1799 1733 1865 interfectO,
1758 1818 1911 1867 quem
1933 1805 2213 1868 imperator
2235 1807 2496 1857 dedisset:

1432 1880 1587 1943 pauci
1625 1879 1807 1930 dicunt
1847 1895 1957 1930 esse
1990 1883 2275 1945 puniendos
2309 1884 2498 1933 milites

1431 1953 1678 2007 infames:
1714 1958 1888 2020 plnres
1936 1958 2000 2006 ad
2046 1961 2338 2010 necessaria
2376 1950 2498 2011 belli

1430 2034 1798 2083 reservandos:
1838 2043 1890 2084 at
1917 2036 1970 2085 hi
1998 2050 2172 2084 omnes
2197 2043 2500 2087 constanter

1430 2117 1662 2174 censent,
1683 2126 1793 2159 esse
1818 2112 2270 2162 transmittendum
2297 2114 2502 2163 Rhada-

1430 2187 1662 2249 mistum,
1706 2188 1828 2252 quia
1887 2203 2102 2251 regnum
2158 2205 2255 2253 per
2299 2192 2496 2240 scelera

1431 2270 1655 2328 partum,
1679 2266 1766 2314 din
1789 2267 2007 2315 retineri
2040 2274 2284 2331 nequeat,
2305 2275 2361 2318 et
2394 2270 2499 2318 Ro·-

1430 2341 1595 2389 manis
1619 2343 1849 2405 apprime
1875 2343 1943 2391 sit
1981 2342 2126 2402 utile,
2148 2351 2333 2406 gentes
2356 2345 2499 2394 inter

1430 2431 1485 2465 se
1525 2418 1662 2467 bella
1690 2433 1972 2470 exercere:
2024 2420 2039 2446 ‘
2062 2427 2272 2469 maneat
2305 2436 2498 2486 quaeso,

1431 2495 1686 2560 duretque
1712 2496 2023 2560 gentibus,si
2041 2484 2140 2547 non
2158 2514 2301 2547 amor
2316 2501 2497 2563 nostri,

1432 2579 1487 2621 at
1513 2580 1660 2623 certe
1686 2574 1863 2623 odium
1896 2575 2001 2624 sui:
2043 2576 2247 2639 quando
2272 2578 2495 2640 urgenti-

1430 2649 1528 2698 bus
1548 2650 1751 2714 imperii
1787 2650 1927 2716 fatis,
1957 2652 2080 2701 nihil
2105 2653 2212 2715 jam
2245 2659 2495 2717 praestare

1427 2723 1638 2775 fortuna
1674 2727 1835 2791 majus
1877 2735 2071 2791 potest,
2095 2744 2245 2792 quani
2271 2729 2493 2783 hostium

1426 2801 1776 2853 discordiam!
1831 2800 2115 2857 Saliner'ius.
2211 2807 2495 2858 Verissima

1428 2878 1588 2930 lectio
1609 2894 1762 2944 quam
1801 2882 1939 2930 eruit
1976 2882 2194 2947 Lipsius,
2217 2898 2335 2933 cum
2370 2892 2492 2935 ante

1427 2962 1565 3004 essct
1585 2972 1739 3007 omnes
1758 2961 1903 3007 scelus
1925 2964 2197 3010 externum:
2230 2960 2364 3011 falsa
2379 2977 2493 3012 sen·

1427 3034 1622 3083 tentia:
1672 3049 1774 3083 non
1811 3037 1945 3091 enim
1989 3051 2165 3087 omnes
2206 3038 2284 3087 ita
2322 3054 2494 3088 sense·

1427 3116 1566 3174 runt,
1586 3112 1676 3161 sed
1702 3114 1874 3176 plures
1897 3114 1972 3162 illi
1997 3114 2086 3179 qui
2128 3122 2240 3164 tuta
2274 3116 2494 3167 dissere·

1425 3187 1570 3248 bant,
1596 3203 1808 3253 quorum
1831 3191 1946 3239 liaec
1970 3197 2050 3240 est
2072 3192 2257 3242 oratio.
2308 3192 2495 3244 Similis

1424 3263 1534 3314 fere
1556 3267 1786 3317 narratio
1825 3268 2089 3331 reperitur
2124 3284 2281 3333 supra
2304 3284 2390 3319 ιιι.
2409 3274 2493 3319 43.

1428 3343 1756 3394 ‘Paucorum
1812 3346 1924 3395 haec
1976 3347 2200 3395 adsensu
2251 3355 2495 3409 narrata;

1424 3420 1600 3483 plures
1621 3420 1991 3483 obturbabant,
2010 3421 2219 3486 neque‚'
2239 3426 2339 3471 διο.
2374 3437 2493 3475 nam

1425 3502 1479 3546 et
1502 3496 1577 3544 ibi
1611 3498 1834 3561 plurium
1872 3497 2087 3559 istorum
2124 3499 2381 3548 sententia
2416 3512 2496 3548 re*

1424 3569 1609 3623 fertur.
1673 3574 1761 3623 Sic
1809 3573 1948 3638 apud
1995 3574 2196 3623 Livium
2242 3588 2376 3625 Χιιι.
2411 3578 2495 3632 47.

1422 3647 1438 3675 ‘
1463 3650 1598 3699 Haec
1621 3656 1680 3700 ut
1703 3665 1899 3700 summa
1924 3652 2123 3700 ratione
2149 3658 2284 3716 acta,
2306 3667 2493 3716 magna

1423 3740 1545 3789 pars
1569 3734 1778 3777 senatus
1812 3728 2175 3791 approbabat:
2214 3736 2414 3778 veteres
2437 3735 2494 3779 et

1420 3803 1578 3851 moris
1596 3804 1790 3868 antiqui
1809 3819 2059 3853 memores
2077 3804 2374 3868 negabant‚'
2389 3809 2493 3856 ἀΰ.

1423 3881 1512 3930 ubi
1548 3882 1874 3946 subjtmgitur
1927 3884 2085 3930 etiam
2133 3883 2492 3946 epiphonema,

1412 3959 1612 4022 judicio
1637 3960 1807 4009 'l‘aciti
1830 3958 1967 4023 quod
2005 3961 2069 4007 de
2102 3959 2199 4008 hac
2234 3958 2491 4007 delibera·

1422 4035 1566 4086 tione
1612 4036 1804 4102 promit
1840 4050 1945 4083 non
1986 4036 2253 4084 absimile:
2316 4036 2331 4061 ‘
2355 4035 2490 4086 Haeae

1422 4112 1672 4174 seniores,
1692 4111 1877 4175 quibus
1911 4125 2045 4159 nova
2063 4111 2173 4160 haec
2197 4110 2360 4159 minus
2383 4111 2493 4175 pla·

1421 4189 1577 4238 cebat
1600 4187 1872 4252 sapientia.
1928 4189 2068 4237 Vicit
2090 4195 2258 4237 tamen
2283 4203 2347 4236 ea
2368 4201 2489 4251 pars

1421 4270 1647 4328 senatus,
1663 4265 1746 4314 cui
1769 4264 1940 4329 potior
1956 4263 2096 4312 utilis
2114 4279 2265 4330 quam
2283 4264 2489 4315 honesti

1421 4355 1547 4391 cura
1591 4339 1742 4394 erat.’
1814 4340 2184 4393 Freinshemius.
2269 4342 2493 4413 Frustra
