<?xml version="1.0" encoding="UTF-8"?>
<!DOCTYPE html PUBLIC "-//W3C//DTD XHTML 1.0 Transitional//EN"
    "http://www.w3.org/TR/xhtml1/DTD/xhtml1-transitional.dtd">
<html xmlns="http://www.w3.org/1999/xhtml" xml:lang="en" lang="en">
 <head>
  <title>
</title>
<meta http-equiv="Content-Type" content="text/html;charset=utf-8" />
  <meta name='ocr-system' content='tesseract 3.04.00' />
  <meta name='ocr-capabilities' content='ocr_page ocr_carea ocr_par ocr_line ocrx_word'/>
</head>
<body>
  <div class='ocr_page' id='page_1' title='image "./operaomnia10tacigoog/operaomnia10tacigoog_0411.png"; bbox 0 0 3009 4942; ppageno 0'>
   <div class='ocr_carea' id='block_1_1' title="bbox 725 411 1339 481">
    <p class='ocr_par' dir='ltr' id='par_1_1' title="bbox 725 411 1339 481">
     <span class='ocr_line' id='line_1_1' title="bbox 725 411 1339 481; baseline 0.002 -2"><span class='ocrx_word' id='word_1_1' title='bbox 725 428 874 479; x_wconf 74' lang='lat' dir='ltr'>ms.</span> <span class='ocrx_word' id='word_1_2' title='bbox 921 427 972 481; x_wconf 87' lang='lat'>1.</span> <span class='ocrx_word' id='word_1_3' title='bbox 1019 428 1186 479; x_wconf 78' lang='lat' dir='ltr'>cAP.</span> <span class='ocrx_word' id='word_1_4' title='bbox 1228 411 1339 480; x_wconf 75' lang='lat'>25.</span> 
     </span>
    </p>
   </div>
   <div class='ocr_carea' id='block_1_2' title="bbox 233 568 1331 4435">
    <p class='ocr_par' dir='ltr' id='par_1_2' title="bbox 233 568 1330 1100">
     <span class='ocr_line' id='line_1_2' title="bbox 261 568 1329 637; baseline 0.002 -17"><span class='ocrx_word' id='word_1_5' title='bbox 261 568 488 623; x_wconf 69' lang='lat' dir='ltr'>maxime</span> <span class='ocrx_word' id='word_1_6' title='bbox 504 569 898 637; x_wconf 78' lang='lat' dir='ltr'><strong>improbantur</strong></span> <span class='ocrx_word' id='word_1_7' title='bbox 883 587 936 622; x_wconf 85' lang='lat' dir='ltr'>m</span> <span class='ocrx_word' id='word_1_8' title='bbox 956 573 1189 635; x_wconf 81' lang='lat' dir='ltr'><strong>Nerone,</strong></span> <span class='ocrx_word' id='word_1_9' title='bbox 1211 586 1329 636; x_wconf 86' lang='lat' dir='ltr'>cap.</span> 
     </span>
     <span class='ocr_line' id='line_1_3' title="bbox 257 649 1331 715; baseline 0.004 -18"><span class='ocrx_word' id='word_1_10' title='bbox 257 651 341 705; x_wconf 79' lang='grc'>28.</span> <span class='ocrx_word' id='word_1_11' title='bbox 398 649 416 677; x_wconf 92' lang='lat'>‘</span> <span class='ocrx_word' id='word_1_12' title='bbox 438 649 647 714; x_wconf 87' lang='lat' dir='ltr'>Super</span> <span class='ocrx_word' id='word_1_13' title='bbox 632 665 972 715; x_wconf 76' lang='lat' dir='ltr'>ingenuorum</span> <span class='ocrx_word' id='word_1_14' title='bbox 1006 651 1331 715; x_wconf 60' lang='lat' dir='ltr'>paedagogia,</span> 
     </span>
     <span class='ocr_line' id='line_1_4' title="bbox 259 727 1330 792; baseline 0.004 -18"><span class='ocrx_word' id='word_1_15' title='bbox 259 729 317 775; x_wconf 89' lang='grc'>01</span> <span class='ocrx_word' id='word_1_16' title='bbox 370 734 651 791; x_wconf 83' lang='lat' dir='ltr'>nuptarum</span> <span class='ocrx_word' id='word_1_17' title='bbox 695 727 1072 781; x_wconf 66' lang='lat' dir='ltr'>concubinatus</span> <span class='ocrx_word' id='word_1_18' title='bbox 1123 728 1330 792; x_wconf 81' lang='lat' dir='ltr'>Virgini</span> 
     </span>
     <span class='ocr_line' id='line_1_5' title="bbox 233 801 1327 859; baseline 0.006 -9"><span class='ocrx_word' id='word_1_19' title='bbox 233 801 467 852; x_wconf 81' lang='lat' dir='ltr'>&#39;Vestali</span> <span class='ocrx_word' id='word_1_20' title='bbox 504 806 715 855; x_wconf 77' lang='lat' dir='ltr'>Rubriae</span> <span class='ocrx_word' id='word_1_21' title='bbox 766 807 869 855; x_wconf 87' lang='lat' dir='ltr'>vim</span> <span class='ocrx_word' id='word_1_22' title='bbox 910 806 1121 857; x_wconf 59' lang='grc'><strong>10101113</strong></span> <span class='ocrx_word' id='word_1_23' title='bbox 1186 806 1327 859; x_wconf 80' lang='lat' dir='ltr'>Hinc</span> 
     </span>
     <span class='ocr_line' id='line_1_6' title="bbox 255 879 1328 945; baseline 0.003 -16"><span class='ocrx_word' id='word_1_24' title='bbox 255 879 449 943; x_wconf 78' lang='lat' dir='ltr'>colligo</span> <span class='ocrx_word' id='word_1_25' title='bbox 497 881 737 932; x_wconf 83' lang='lat' dir='ltr'>Taciturn</span> <span class='ocrx_word' id='word_1_26' title='bbox 799 882 1102 945; x_wconf 75' lang='lat' dir='ltr'>scripsisse.</span> <span class='ocrx_word' id='word_1_27' title='bbox 1169 884 1328 932; x_wconf 79' lang='lat' dir='ltr'>aulam</span> 
     </span>
     <span class='ocr_line' id='line_1_7' title="bbox 255 957 1325 1025; baseline 0.005 -19"><span class='ocrx_word' id='word_1_28' title='bbox 255 957 470 1007; x_wconf 86' lang='lat' dir='ltr'>Neronis</span> <span class='ocrx_word' id='word_1_29' title='bbox 497 965 545 1009; x_wconf 87' lang='lat' dir='ltr'>et</span> <span class='ocrx_word' id='word_1_30' title='bbox 583 961 1011 1023; x_wconf 74' lang='lat' dir='ltr'>luxus,adulteria,</span> <span class='ocrx_word' id='word_1_31' title='bbox 1045 960 1325 1025; x_wconf 66' lang='lat' dir='ltr'>padagogia</span> 
     </span>
     <span class='ocr_line' id='line_1_8' title="bbox 255 1037 1322 1100; baseline 0.003 -16"><span class='ocrx_word' id='word_1_32' title='bbox 255 1038 543 1099; x_wconf 73' lang='lat' dir='ltr'>ceterosque</span> <span class='ocrx_word' id='word_1_33' title='bbox 562 1052 812 1100; x_wconf 74' lang='lat' dir='ltr'>regnorum</span> <span class='ocrx_word' id='word_1_34' title='bbox 829 1038 1066 1089; x_wconf 74' lang='lat' dir='ltr'>libidines.</span> <span class='ocrx_word' id='word_1_35' title='bbox 1086 1037 1322 1088; x_wconf 72' lang='lat' dir='ltr'>GronoV.</span> 
     </span>
    </p>

    <p class='ocr_par' dir='ltr' id='par_1_3' title="bbox 247 1112 1324 1489">
     <span class='ocr_line' id='line_1_9' title="bbox 325 1112 1324 1182; baseline 0.006 -22"><span class='ocrx_word' id='word_1_36' title='bbox 325 1112 611 1178; x_wconf 75' lang='lat' dir='ltr'>ceterasque</span> <span class='ocrx_word' id='word_1_37' title='bbox 627 1129 881 1178; x_wconf 75' lang='lat' dir='ltr'>regnorum</span> <span class='ocrx_word' id='word_1_38' title='bbox 900 1114 1140 1182; x_wconf 74' lang='lat' dir='ltr'>libidines]</span> <span class='ocrx_word' id='word_1_39' title='bbox 1173 1115 1324 1166; x_wconf 84' lang='lat' dir='ltr'>Glos-</span> 
     </span>
     <span class='ocr_line' id='line_1_10' title="bbox 252 1188 1324 1259; baseline 0.008 -23"><span class='ocrx_word' id='word_1_40' title='bbox 252 1201 363 1238; x_wconf 85' lang='lat' dir='ltr'>sam</span> <span class='ocrx_word' id='word_1_41' title='bbox 387 1188 633 1253; x_wconf 83' lang='lat' dir='ltr'>praefert:</span> <span class='ocrx_word' id='word_1_42' title='bbox 668 1196 730 1242; x_wconf 78' lang='lat' dir='ltr'>ac</span> <span class='ocrx_word' id='word_1_43' title='bbox 767 1192 991 1244; x_wconf 86' lang='lat' dir='ltr'>fortasse</span> <span class='ocrx_word' id='word_1_44' title='bbox 1014 1195 1324 1259; x_wconf 86' lang='lat' dir='ltr'>germanius,</span> 
     </span>
     <span class='ocr_line' id='line_1_11' title="bbox 252 1270 1324 1331; baseline 0.008 -18"><span class='ocrx_word' id='word_1_45' title='bbox 252 1270 496 1330; x_wconf 75' lang='lat' dir='ltr'>ceteraque</span> <span class='ocrx_word' id='word_1_46' title='bbox 510 1282 763 1331; x_wconf 74' lang='lat' dir='ltr'>regnorum</span> <span class='ocrx_word' id='word_1_47' title='bbox 778 1272 916 1321; x_wconf 71' lang='lat' dir='ltr'>arido</span> <span class='ocrx_word' id='word_1_48' title='bbox 928 1272 1116 1322; x_wconf 85' lang='lat' dir='ltr'>talium.</span> <span class='ocrx_word' id='word_1_49' title='bbox 1135 1272 1324 1323; x_wconf 82' lang='lat' dir='ltr'><strong>Paullo</strong></span> 
     </span>
     <span class='ocr_line' id='line_1_12' title="bbox 249 1343 1324 1413; baseline 0.005 -21"><span class='ocrx_word' id='word_1_50' title='bbox 249 1350 381 1392; x_wconf 78' lang='lat' dir='ltr'>ante</span> <span class='ocrx_word' id='word_1_51' title='bbox 419 1343 578 1395; x_wconf 78' lang='lat' dir='ltr'>etiam</span> <span class='ocrx_word' id='word_1_52' title='bbox 622 1348 795 1397; x_wconf 85' lang='lat' dir='ltr'>malim</span> <span class='ocrx_word' id='word_1_53' title='bbox 840 1348 1156 1413; x_wconf 88' lang='lat' dir='ltr'>conjunctim</span> <span class='ocrx_word' id='word_1_54' title='bbox 1198 1348 1324 1413; x_wconf 88' lang='lat' dir='ltr'>legi,</span> 
     </span>
     <span class='ocr_line' id='line_1_13' title="bbox 247 1419 1071 1489; baseline 0.008 -21"><span class='ocrx_word' id='word_1_55' title='bbox 247 1419 474 1479; x_wconf 68' lang='lat' dir='ltr'>adultera</span> <span class='ocrx_word' id='word_1_56' title='bbox 493 1422 814 1475; x_wconf 79' lang='lat' dir='ltr'>matrimonia.</span> <span class='ocrx_word' id='word_1_57' title='bbox 846 1425 1071 1489; x_wconf 85' lang='lat' dir='ltr'>Lipsius.</span> 
     </span>
    </p>

    <p class='ocr_par' dir='ltr' id='par_1_4' title="bbox 240 1495 1320 2481">
     <span class='ocr_line' id='line_1_14' title="bbox 318 1495 1318 1567; baseline 0.016 -24"><span class='ocrx_word' id='word_1_58' title='bbox 318 1495 701 1564; x_wconf 66' lang='lat' dir='ltr'>mathematicis]</span> <span class='ocrx_word' id='word_1_59' title='bbox 737 1500 826 1551; x_wconf 72' lang='lat' dir='ltr'>&#39;ut</span> <span class='ocrx_word' id='word_1_60' title='bbox 845 1507 995 1555; x_wconf 84' lang='lat' dir='ltr'>extat</span> <span class='ocrx_word' id='word_1_61' title='bbox 1016 1502 1153 1567; x_wconf 88' lang='lat' dir='ltr'>apud</span> <span class='ocrx_word' id='word_1_62' title='bbox 1178 1502 1318 1559; x_wconf 80' lang='lat' dir='ltr'>Gen.</span> 
     </span>
     <span class='ocr_line' id='line_1_15' title="bbox 247 1574 1319 1643; baseline 0.007 -20"><span class='ocrx_word' id='word_1_63' title='bbox 247 1574 374 1623; x_wconf 62' lang='lat' dir='ltr'>xlv.</span> <span class='ocrx_word' id='word_1_64' title='bbox 398 1589 501 1639; x_wconf 85' lang='lat' dir='ltr'>qua</span> <span class='ocrx_word' id='word_1_65' title='bbox 519 1575 586 1629; x_wconf 90' lang='lat' dir='ltr'>de</span> <span class='ocrx_word' id='word_1_66' title='bbox 611 1592 666 1630; x_wconf 91' lang='lat' dir='ltr'>re</span> <span class='ocrx_word' id='word_1_67' title='bbox 682 1577 840 1629; x_wconf 88' lang='lat' dir='ltr'>latior</span> <span class='ocrx_word' id='word_1_68' title='bbox 871 1584 952 1629; x_wconf 86' lang='lat' dir='ltr'>est</span> <span class='ocrx_word' id='word_1_69' title='bbox 973 1578 1113 1643; x_wconf 89' lang='lat' dir='ltr'>apud</span> <span class='ocrx_word' id='word_1_70' title='bbox 1135 1580 1319 1632; x_wconf 82' lang='lat' dir='ltr'>Lucia·</span> 
     </span>
     <span class='ocr_line' id='line_1_16' title="bbox 248 1651 1320 1718; baseline 0.008 -20"><span class='ocrx_word' id='word_1_71' title='bbox 248 1664 376 1700; x_wconf 87' lang='lat' dir='ltr'>num</span> <span class='ocrx_word' id='word_1_72' title='bbox 399 1651 702 1718; x_wconf 83' lang='lat' dir='ltr'>disputatio.</span> <span class='ocrx_word' id='word_1_73' title='bbox 768 1657 1027 1708; x_wconf 85' lang='lat' dir='ltr'>Divorum</span> <span class='ocrx_word' id='word_1_74' title='bbox 1049 1657 1229 1709; x_wconf 88' lang='lat' dir='ltr'>Basilii</span> <span class='ocrx_word' id='word_1_75' title='bbox 1266 1658 1320 1709; x_wconf 91' lang='grc'>10</span> 
     </span>
     <span class='ocr_line' id='line_1_17' title="bbox 248 1726 1320 1801; baseline 0.01 -25"><span class='ocrx_word' id='word_1_76' title='bbox 248 1726 604 1801; x_wconf 76' lang='lat' dir='ltr'>Hexae&#39;mero,</span> <span class='ocrx_word' id='word_1_77' title='bbox 619 1733 914 1798; x_wconf 80' lang='lat' dir='ltr'>Augustini,</span> <span class='ocrx_word' id='word_1_78' title='bbox 935 1741 992 1785; x_wconf 92' lang='lat' dir='ltr'>et</span> <span class='ocrx_word' id='word_1_79' title='bbox 1014 1736 1320 1801; x_wconf 77' lang='lat' dir='ltr'>chrysosto-</span> 
     </span>
     <span class='ocr_line' id='line_1_18' title="bbox 245 1803 1319 1878; baseline 0.014 -25"><span class='ocrx_word' id='word_1_80' title='bbox 245 1803 318 1853; x_wconf 86' lang='lat' dir='ltr'>mi</span> <span class='ocrx_word' id='word_1_81' title='bbox 365 1807 675 1873; x_wconf 83' lang='lat' dir='ltr'>multiplicia</span> <span class='ocrx_word' id='word_1_82' title='bbox 710 1811 762 1865; x_wconf 84' lang='lat' dir='ltr'>in</span> <span class='ocrx_word' id='word_1_83' title='bbox 804 1827 982 1863; x_wconf 90' lang='lat' dir='ltr'>omnes</span> <span class='ocrx_word' id='word_1_84' title='bbox 1027 1814 1319 1878; x_wconf 77' lang='lat' dir='ltr'>astrologiae</span> 
     </span>
     <span class='ocr_line' id='line_1_19' title="bbox 243 1886 1320 1952; baseline 0.011 -23"><span class='ocrx_word' id='word_1_85' title='bbox 243 1886 429 1947; x_wconf 88' lang='lat' dir='ltr'>partes</span> <span class='ocrx_word' id='word_1_86' title='bbox 452 1886 652 1950; x_wconf 80' lang='lat' dir='ltr'>scripta</span> <span class='ocrx_word' id='word_1_87' title='bbox 672 1894 932 1952; x_wconf 83' lang='lat' dir='ltr'>praeterco</span> <span class='ocrx_word' id='word_1_88' title='bbox 953 1889 1320 1945; x_wconf 77' lang='grc' dir='ltr'><strong>11101100.Το1-</strong></span> 
     </span>
     <span class='ocr_line' id='line_1_20' title="bbox 244 1959 1319 2033; baseline 0.013 -27"><span class='ocrx_word' id='word_1_89' title='bbox 244 1959 486 2013; x_wconf 85' lang='grc' dir='ltr'><strong>11111.Βο</strong></span> <span class='ocrx_word' id='word_1_90' title='bbox 524 1960 819 2017; x_wconf 84' lang='lat' dir='ltr'>idololatria</span> <span class='ocrx_word' id='word_1_91' title='bbox 852 1968 1052 2032; x_wconf 83' lang='lat' dir='ltr'>scribit,</span> <span class='ocrx_word' id='word_1_92' title='bbox 1090 1967 1319 2033; x_wconf 81' lang='lat' dir='ltr'>Angelos</span> 
     </span>
     <span class='ocr_line' id='line_1_21' title="bbox 240 2032 1319 2106; baseline 0.013 -24"><span class='ocrx_word' id='word_1_93' title='bbox 240 2032 363 2084; x_wconf 86' lang='lat' dir='ltr'>illos</span> <span class='ocrx_word' id='word_1_94' title='bbox 401 2036 698 2091; x_wconf 83' lang='lat' dir='ltr'>desertores</span> <span class='ocrx_word' id='word_1_95' title='bbox 724 2043 847 2106; x_wconf 90' lang='lat' dir='ltr'>Dei,</span> <span class='ocrx_word' id='word_1_96' title='bbox 868 2051 1109 2095; x_wconf 77' lang='lat' dir='ltr'>auctores</span> <span class='ocrx_word' id='word_1_97' title='bbox 1154 2051 1319 2096; x_wconf 88' lang='lat' dir='ltr'>astro·</span> 
     </span>
     <span class='ocr_line' id='line_1_22' title="bbox 242 2110 1318 2188; baseline 0.014 -29"><span class='ocrx_word' id='word_1_98' title='bbox 242 2110 421 2177; x_wconf 84' lang='lat' dir='ltr'>logiae,</span> <span class='ocrx_word' id='word_1_99' title='bbox 445 2124 729 2181; x_wconf 86' lang='lat' dir='ltr'>propterea</span> <span class='ocrx_word' id='word_1_100' title='bbox 745 2135 953 2188; x_wconf 87' lang='lat' dir='ltr'>quoque</span> <span class='ocrx_word' id='word_1_101' title='bbox 974 2139 1006 2174; x_wconf 80' lang='lat' dir='ltr'>a</span> <span class='ocrx_word' id='word_1_102' title='bbox 1032 2123 1154 2173; x_wconf 89' lang='lat' dir='ltr'>Deo</span> <span class='ocrx_word' id='word_1_103' title='bbox 1176 2124 1318 2174; x_wconf 89' lang='lat' dir='ltr'>dam·</span> 
     </span>
     <span class='ocr_line' id='line_1_23' title="bbox 240 2194 1318 2252; baseline 0.012 -13"><span class='ocrx_word' id='word_1_104' title='bbox 240 2196 413 2241; x_wconf 84' lang='lat' dir='ltr'>natos.</span> <span class='ocrx_word' id='word_1_105' title='bbox 479 2194 560 2243; x_wconf 87' lang='lat' dir='ltr'>Ea</span> <span class='ocrx_word' id='word_1_106' title='bbox 610 2196 876 2248; x_wconf 68' lang='lat' dir='ltr'>Cardenus</span> <span class='ocrx_word' id='word_1_107' title='bbox 926 2199 1138 2251; x_wconf 81' lang='lat' dir='ltr'>viderit.</span> <span class='ocrx_word' id='word_1_108' title='bbox 1205 2202 1318 2252; x_wconf 89' lang='lat' dir='ltr'>Nos</span> 
     </span>
     <span class='ocr_line' id='line_1_24' title="bbox 240 2266 1319 2328; baseline 0.014 -15"><span class='ocrx_word' id='word_1_109' title='bbox 240 2266 403 2317; x_wconf 80' lang='lat' dir='ltr'>latins</span> <span class='ocrx_word' id='word_1_110' title='bbox 444 2269 512 2320; x_wconf 86' lang='lat' dir='ltr'>ad</span> <span class='ocrx_word' id='word_1_111' title='bbox 554 2274 956 2326; x_wconf 83' lang='lat' dir='ltr'>constitutiones</span> <span class='ocrx_word' id='word_1_112' title='bbox 1002 2275 1072 2326; x_wconf 86' lang='lat' dir='ltr'>de</span> <span class='ocrx_word' id='word_1_113' title='bbox 1114 2278 1319 2328; x_wconf 83' lang='lat' dir='ltr'>Mathe·</span> 
     </span>
     <span class='ocr_line' id='line_1_25' title="bbox 240 2345 1318 2418; baseline 0.013 -26"><span class='ocrx_word' id='word_1_114' title='bbox 240 2345 451 2395; x_wconf 84' lang='lat' dir='ltr'>maticis</span> <span class='ocrx_word' id='word_1_115' title='bbox 487 2353 543 2397; x_wconf 83' lang='grc'>01</span> <span class='ocrx_word' id='word_1_116' title='bbox 561 2349 811 2401; x_wconf 86' lang='lat' dir='ltr'>maleficis</span> <span class='ocrx_word' id='word_1_117' title='bbox 847 2354 1190 2418; x_wconf 55' lang='lat' dir='ltr'>quaestionem</span> <span class='ocrx_word' id='word_1_118' title='bbox 1228 2369 1318 2405; x_wconf 82' lang='lat' dir='ltr'>ex-</span> 
     </span>
     <span class='ocr_line' id='line_1_26' title="bbox 240 2422 990 2481; baseline 0.013 -10"><span class='ocrx_word' id='word_1_119' title='bbox 240 2422 414 2473; x_wconf 84' lang='lat' dir='ltr'>secuti</span> <span class='ocrx_word' id='word_1_120' title='bbox 439 2438 632 2479; x_wconf 87' lang='lat' dir='ltr'>sumus.</span> <span class='ocrx_word' id='word_1_121' title='bbox 694 2429 990 2481; x_wconf 76' lang='lat' dir='ltr'>Ver-trunius.</span> 
     </span>
    </p>

    <p class='ocr_par' dir='ltr' id='par_1_5' title="bbox 238 2501 1316 2726">
     <span class='ocr_line' id='line_1_27' title="bbox 308 2501 1316 2577; baseline 0.015 -28"><span class='ocrx_word' id='word_1_122' title='bbox 308 2501 363 2550; x_wconf 88' lang='grc' dir='ltr'><strong><em>Ε</em></strong></span> <span class='ocrx_word' id='word_1_123' title='bbox 381 2504 551 2567; x_wconf 81' lang='lat' dir='ltr'>quibus</span> <span class='ocrx_word' id='word_1_124' title='bbox 566 2507 851 2558; x_wconf 79' lang='lat' dir='ltr'>Ptolemoeus</span> <span class='ocrx_word' id='word_1_125' title='bbox 868 2510 1048 2561; x_wconf 72' lang='lat' dir='ltr'>Othoni</span> <span class='ocrx_word' id='word_1_126' title='bbox 1064 2511 1116 2562; x_wconf 89' lang='lat' dir='ltr'>in</span> <span class='ocrx_word' id='word_1_127' title='bbox 1134 2511 1316 2577; x_wconf 71' lang='lat' dir='ltr'>Hispa·</span> 
     </span>
     <span class='ocr_line' id='line_1_28' title="bbox 238 2579 1314 2652; baseline 0.015 -25"><span class='ocrx_word' id='word_1_128' title='bbox 238 2579 324 2629; x_wconf 80' lang='lat' dir='ltr'>niu</span> <span class='ocrx_word' id='word_1_129' title='bbox 345 2581 522 2645; x_wconf 75' lang='lat' dir='ltr'>eomes]</span> <span class='ocrx_word' id='word_1_130' title='bbox 548 2584 751 2648; x_wconf 84' lang='lat' dir='ltr'>Malim,</span> <span class='ocrx_word' id='word_1_131' title='bbox 766 2587 820 2636; x_wconf 90' lang='lat' dir='ltr'>in</span> <span class='ocrx_word' id='word_1_132' title='bbox 841 2587 1130 2652; x_wconf 70' lang='lat' dir='ltr'>Hispaniam</span> <span class='ocrx_word' id='word_1_133' title='bbox 1145 2606 1314 2643; x_wconf 83' lang='lat' dir='ltr'>eomes.</span> 
     </span>
     <span class='ocr_line' id='line_1_29' title="bbox 241 2655 1314 2726; baseline 0.015 -22"><span class='ocrx_word' id='word_1_134' title='bbox 241 2655 363 2706; x_wconf 87' lang='lat' dir='ltr'>Nec</span> <span class='ocrx_word' id='word_1_135' title='bbox 383 2658 539 2708; x_wconf 87' lang='lat' dir='ltr'>aliter</span> <span class='ocrx_word' id='word_1_136' title='bbox 555 2661 1013 2726; x_wconf 77' lang='lat' dir='ltr'>scripsit&#39;l&#39;acitus.</span> <span class='ocrx_word' id='word_1_137' title='bbox 1046 2667 1314 2720; x_wconf 73' lang='lat' dir='ltr'>Aeidalius.</span> 
     </span>
    </p>

    <p class='ocr_par' dir='ltr' id='par_1_6' title="bbox 238 2734 1318 3402">
     <span class='ocr_line' id='line_1_30' title="bbox 310 2734 1315 2808; baseline 0.014 -24"><span class='ocrx_word' id='word_1_138' title='bbox 310 2734 598 2795; x_wconf 73' lang='lat' dir='ltr'>Conjeetura</span> <span class='ocrx_word' id='word_1_139' title='bbox 621 2739 732 2800; x_wconf 76' lang='lat' dir='ltr'>jum</span> <span class='ocrx_word' id='word_1_140' title='bbox 785 2746 834 2793; x_wconf 81' lang='lat' dir='ltr'>et</span> <span class='ocrx_word' id='word_1_141' title='bbox 881 2757 1087 2808; x_wconf 84' lang='lat' dir='ltr'>rumore,</span> <span class='ocrx_word' id='word_1_142' title='bbox 1134 2745 1315 2805; x_wconf 76' lang='lat' dir='ltr'>senium</span> 
     </span>
     <span class='ocr_line' id='line_1_31' title="bbox 243 2812 1314 2884; baseline 0.012 -23"><span class='ocrx_word' id='word_1_143' title='bbox 243 2812 440 2876; x_wconf 70' lang='lat' dir='ltr'>Galba]</span> <span class='ocrx_word' id='word_1_144' title='bbox 474 2814 700 2867; x_wconf 78' lang='lat' dir='ltr'>Credam</span> <span class='ocrx_word' id='word_1_145' title='bbox 731 2819 918 2869; x_wconf 85' lang='lat' dir='ltr'>melius</span> <span class='ocrx_word' id='word_1_146' title='bbox 932 2820 1314 2884; x_wconf 58' lang='lat' dir='ltr'>conjecturum</span> 
     </span>
     <span class='ocr_line' id='line_1_32' title="bbox 240 2892 1314 2958; baseline 0.009 -20"><span class='ocrx_word' id='word_1_147' title='bbox 240 2903 304 2939; x_wconf 75' lang='lat' dir='ltr'>ex</span> <span class='ocrx_word' id='word_1_148' title='bbox 322 2904 513 2940; x_wconf 78' lang='lat' dir='ltr'>rumore</span> <span class='ocrx_word' id='word_1_149' title='bbox 531 2892 718 2942; x_wconf 81' lang='lat' dir='ltr'>senium</span> <span class='ocrx_word' id='word_1_150' title='bbox 760 2894 943 2958; x_wconf 83' lang='lat' dir='ltr'>Galbae,</span> <span class='ocrx_word' id='word_1_151' title='bbox 964 2903 1022 2947; x_wconf 91' lang='lat' dir='ltr'>et</span> <span class='ocrx_word' id='word_1_152' title='bbox 1040 2905 1188 2950; x_wconf 88' lang='lat' dir='ltr'>certe</span> <span class='ocrx_word' id='word_1_153' title='bbox 1209 2914 1314 2949; x_wconf 61' lang='lat' dir='ltr'>ma,</span> 
     </span>
     <span class='ocr_line' id='line_1_33' title="bbox 241 2965 1318 3034; baseline 0.013 -19"><span class='ocrx_word' id='word_1_154' title='bbox 241 2965 323 3030; x_wconf 89' lang='lat' dir='ltr'>gis</span> <span class='ocrx_word' id='word_1_155' title='bbox 345 2967 415 3017; x_wconf 87' lang='lat' dir='ltr'>ad</span> <span class='ocrx_word' id='word_1_156' title='bbox 459 2970 735 3021; x_wconf 71' lang='lat' dir='ltr'>sententiae</span> <span class='ocrx_word' id='word_1_157' title='bbox 779 2973 968 3026; x_wconf 88' lang='lat' dir='ltr'>lucem.</span> <span class='ocrx_word' id='word_1_158' title='bbox 1032 2975 1318 3034; x_wconf 73' lang='lat' dir='ltr'>Ptolemae·,</span> 
     </span>
     <span class='ocr_line' id='line_1_34' title="bbox 238 3044 1313 3117; baseline 0.01 -25"><span class='ocrx_word' id='word_1_159' title='bbox 238 3057 302 3092; x_wconf 91' lang='lat' dir='ltr'>ns</span> <span class='ocrx_word' id='word_1_160' title='bbox 381 3044 658 3109; x_wconf 87' lang='lat' dir='ltr'>imperium</span> <span class='ocrx_word' id='word_1_161' title='bbox 728 3048 928 3099; x_wconf 88' lang='lat' dir='ltr'>Othoni</span> <span class='ocrx_word' id='word_1_162' title='bbox 983 3052 1313 3117; x_wconf 81' lang='lat' dir='ltr'>promiserat,</span> 
     </span>
     <span class='ocr_line' id='line_1_35' title="bbox 242 3121 1313 3193; baseline 0.01 -24"><span class='ocrx_word' id='word_1_163' title='bbox 242 3121 552 3185; x_wconf 84' lang='lat' dir='ltr'>conjectura</span> <span class='ocrx_word' id='word_1_164' title='bbox 584 3124 790 3188; x_wconf 86' lang='lat' dir='ltr'>saltem,</span> <span class='ocrx_word' id='word_1_165' title='bbox 833 3141 990 3193; x_wconf 76' lang='lat' dir='ltr'>quam</span> <span class='ocrx_word' id='word_1_166' title='bbox 1018 3143 1085 3178; x_wconf 79' lang='lat' dir='ltr'>ex</span> <span class='ocrx_word' id='word_1_167' title='bbox 1107 3143 1313 3180; x_wconf 88' lang='lat' dir='ltr'>rumore</span> 
     </span>
     <span class='ocr_line' id='line_1_36' title="bbox 240 3197 1313 3269; baseline 0.012 -25"><span class='ocrx_word' id='word_1_168' title='bbox 240 3197 486 3263; x_wconf 82' lang='lat' dir='ltr'>populari</span> <span class='ocrx_word' id='word_1_169' title='bbox 508 3197 748 3252; x_wconf 84' lang='lat' dir='ltr'>fecerat:</span> <span class='ocrx_word' id='word_1_170' title='bbox 794 3208 850 3252; x_wconf 92' lang='lat' dir='ltr'>at</span> <span class='ocrx_word' id='word_1_171' title='bbox 884 3203 974 3253; x_wconf 90' lang='grc'><strong>1110</strong></span> <span class='ocrx_word' id='word_1_172' title='bbox 1020 3205 1313 3269; x_wconf 79' lang='lat' dir='ltr'>accipiebat</span> 
     </span>
     <span class='ocr_line' id='line_1_37' title="bbox 239 3276 1312 3344; baseline 0.011 -21"><span class='ocrx_word' id='word_1_173' title='bbox 239 3280 489 3340; x_wconf 84' lang='lat' dir='ltr'>tanquam</span> <span class='ocrx_word' id='word_1_174' title='bbox 533 3276 798 3328; x_wconf 83' lang='lat' dir='ltr'>divinandi</span> <span class='ocrx_word' id='word_1_175' title='bbox 835 3286 947 3331; x_wconf 84' lang='lat' dir='ltr'>arte</span> <span class='ocrx_word' id='word_1_176' title='bbox 982 3281 1312 3344; x_wconf 66' lang='lat' dir='ltr'>praedictum.</span> 
     </span>
     <span class='ocr_line' id='line_1_38' title="bbox 242 3351 511 3402; baseline 0 -1"><span class='ocrx_word' id='word_1_177' title='bbox 242 3351 511 3402; x_wconf 75' lang='lat' dir='ltr'>Acidalius.</span> 
     </span>
    </p>

    <p class='ocr_par' dir='ltr' id='par_1_7' title="bbox 239 3430 1314 3577">
     <span class='ocr_line' id='line_1_39' title="bbox 303 3430 1314 3498; baseline 0.006 -19"><span class='ocrx_word' id='word_1_178' title='bbox 303 3430 558 3481; x_wconf 70' lang='lat' dir='ltr'>Libentius</span> <span class='ocrx_word' id='word_1_179' title='bbox 595 3433 792 3485; x_wconf 82' lang='lat' dir='ltr'>obseura</span> <span class='ocrx_word' id='word_1_180' title='bbox 832 3433 983 3498; x_wconf 79' lang='lat' dir='ltr'>credi]</span> <span class='ocrx_word' id='word_1_181' title='bbox 1039 3435 1314 3487; x_wconf 89' lang='lat' dir='ltr'>Assentior</span> 
     </span>
     <span class='ocr_line' id='line_1_40' title="bbox 239 3505 948 3577; baseline 0.013 -21"><span class='ocrx_word' id='word_1_182' title='bbox 239 3505 511 3572; x_wconf 72' lang='lat' dir='ltr'>Picbenae,</span> <span class='ocrx_word' id='word_1_183' title='bbox 529 3512 769 3563; x_wconf 81' lang='lat' dir='ltr'>credendi.</span> <span class='ocrx_word' id='word_1_184' title='bbox 805 3513 948 3577; x_wconf 72' lang='lat' dir='ltr'>Lips.</span> 
     </span>
    </p>

    <p class='ocr_par' dir='ltr' id='par_1_8' title="bbox 238 3585 1312 4276">
     <span class='ocr_line' id='line_1_41' title="bbox 309 3585 1311 3649; baseline 0.004 -15"><span class='ocrx_word' id='word_1_185' title='bbox 309 3585 551 3648; x_wconf 82' lang='lat' dir='ltr'>Cupidine</span> <span class='ocrx_word' id='word_1_186' title='bbox 579 3586 767 3649; x_wconf 79' lang='lat' dir='ltr'>ingenii</span> <span class='ocrx_word' id='word_1_187' title='bbox 786 3588 978 3638; x_wconf 72' lang='lat' dir='ltr'>hnmani</span> <span class='ocrx_word' id='word_1_188' title='bbox 995 3588 1217 3643; x_wconf 81' lang='lat' dir='ltr'>libentius</span> <span class='ocrx_word' id='word_1_189' title='bbox 1232 3589 1311 3638; x_wconf 81' lang='lat' dir='ltr'>ob·</span> 
     </span>
     <span class='ocr_line' id='line_1_42' title="bbox 238 3662 1312 3729; baseline 0.003 -16"><span class='ocrx_word' id='word_1_190' title='bbox 238 3676 379 3713; x_wconf 63' lang='lat' dir='ltr'>seura</span> <span class='ocrx_word' id='word_1_191' title='bbox 398 3662 552 3726; x_wconf 80' lang='lat' dir='ltr'>credi]</span> <span class='ocrx_word' id='word_1_192' title='bbox 608 3664 912 3728; x_wconf 80' lang='lat' dir='ltr'>Legendnm</span> <span class='ocrx_word' id='word_1_193' title='bbox 934 3665 1105 3729; x_wconf 86' lang='lat' dir='ltr'>plane,</span> <span class='ocrx_word' id='word_1_194' title='bbox 1126 3667 1312 3717; x_wconf 78' lang='lat' dir='ltr'>ereden-</span> 
     </span>
     <span class='ocr_line' id='line_1_43' title="bbox 241 3740 1312 3808; baseline 0.005 -18"><span class='ocrx_word' id='word_1_195' title='bbox 241 3740 313 3791; x_wconf 70' lang='grc' dir='ltr'>αἱ.</span> <span class='ocrx_word' id='word_1_196' title='bbox 347 3740 637 3792; x_wconf 81' lang='lat' dir='ltr'>Acidalius.</span> <span class='ocrx_word' id='word_1_197' title='bbox 704 3743 869 3808; x_wconf 77' lang='lat' dir='ltr'>Capio</span> <span class='ocrx_word' id='word_1_198' title='bbox 885 3750 941 3794; x_wconf 89' lang='lat' dir='ltr'>et</span> <span class='ocrx_word' id='word_1_199' title='bbox 967 3743 1080 3794; x_wconf 86' lang='lat' dir='ltr'>fero</span> <span class='ocrx_word' id='word_1_200' title='bbox 1104 3761 1117 3794; x_wconf 79' lang='lat' dir='ltr'><strong><em>z</em></strong></span> <span class='ocrx_word' id='word_1_201' title='bbox 1138 3751 1312 3795; x_wconf 84' lang='lat' dir='ltr'>tamen</span> 
     </span>
     <span class='ocr_line' id='line_1_44' title="bbox 241 3818 1311 3883; baseline 0.007 -16"><span class='ocrx_word' id='word_1_202' title='bbox 241 3818 482 3882; x_wconf 84' lang='lat' dir='ltr'>suspicor</span> <span class='ocrx_word' id='word_1_203' title='bbox 502 3819 799 3883; x_wconf 87' lang='lat' dir='ltr'>legendum,</span> <span class='ocrx_word' id='word_1_204' title='bbox 836 3823 1070 3874; x_wconf 81' lang='lat' dir='ltr'>credendi.</span> <span class='ocrx_word' id='word_1_205' title='bbox 1135 3821 1245 3872; x_wconf 91' lang='lat' dir='ltr'>Aut</span> <span class='ocrx_word' id='word_1_206' title='bbox 1266 3822 1311 3875; x_wconf 86' lang='lat' dir='ltr'>si</span> 
     </span>
     <span class='ocr_line' id='line_1_45' title="bbox 242 3901 1312 3968; baseline 0.003 -18"><span class='ocrx_word' id='word_1_207' title='bbox 242 3902 460 3963; x_wconf 81' lang='lat' dir='ltr'>vulgata</span> <span class='ocrx_word' id='word_1_208' title='bbox 501 3901 658 3951; x_wconf 87' lang='lat' dir='ltr'>lectio</span> <span class='ocrx_word' id='word_1_209' title='bbox 697 3902 861 3967; x_wconf 86' lang='lat' dir='ltr'>magis</span> <span class='ocrx_word' id='word_1_210' title='bbox 904 3905 1095 3968; x_wconf 86' lang='lat' dir='ltr'>placet,</span> <span class='ocrx_word' id='word_1_211' title='bbox 1124 3904 1238 3953; x_wconf 84' lang='lat' dir='ltr'>haec</span> <span class='ocrx_word' id='word_1_212' title='bbox 1279 3918 1312 3953; x_wconf 87' lang='lat' dir='ltr'>a</span> 
     </span>
     <span class='ocr_line' id='line_1_46' title="bbox 242 3977 1310 4044; baseline 0.004 -19"><span class='ocrx_word' id='word_1_213' title='bbox 242 3977 600 4041; x_wconf 85' lang='lat' dir='ltr'>superioribus</span> <span class='ocrx_word' id='word_1_214' title='bbox 636 3994 955 4044; x_wconf 81' lang='lat' dir='ltr'>separarem,</span> <span class='ocrx_word' id='word_1_215' title='bbox 999 3986 1197 4044; x_wconf 88' lang='lat' dir='ltr'>puncto</span> <span class='ocrx_word' id='word_1_216' title='bbox 1221 3995 1310 4044; x_wconf 87' lang='lat' dir='ltr'>ap-</span> 
     </span>
     <span class='ocr_line' id='line_1_47' title="bbox 241 4054 1311 4121; baseline 0.002 -16"><span class='ocrx_word' id='word_1_217' title='bbox 241 4054 414 4119; x_wconf 89' lang='lat' dir='ltr'>posito</span> <span class='ocrx_word' id='word_1_218' title='bbox 470 4061 589 4118; x_wconf 85' lang='lat' dir='ltr'>post</span> <span class='ocrx_word' id='word_1_219' title='bbox 629 4056 863 4121; x_wconf 82' lang='lat' dir='ltr'>verbum,</span> <span class='ocrx_word' id='word_1_220' title='bbox 908 4057 1203 4121; x_wconf 76' lang='lat' dir='ltr'>accipiebat:</span> <span class='ocrx_word' id='word_1_221' title='bbox 1251 4062 1311 4107; x_wconf 91' lang='lat' dir='ltr'>ut</span> 
     </span>
     <span class='ocr_line' id='line_1_48' title="bbox 241 4132 1310 4200; baseline -0.001 -15"><span class='ocrx_word' id='word_1_222' title='bbox 241 4147 347 4185; x_wconf 85' lang='lat' dir='ltr'>non</span> <span class='ocrx_word' id='word_1_223' title='bbox 371 4133 438 4182; x_wconf 87' lang='lat' dir='ltr'>ad</span> <span class='ocrx_word' id='word_1_224' title='bbox 464 4132 727 4185; x_wconf 87' lang='lat' dir='ltr'>Othonem</span> <span class='ocrx_word' id='word_1_225' title='bbox 763 4142 966 4187; x_wconf 80' lang='lat' dir='ltr'>tantum</span> <span class='ocrx_word' id='word_1_226' title='bbox 995 4134 1310 4200; x_wconf 86' lang='lat' dir='ltr'>referantur,</span> 
     </span>
     <span class='ocr_line' id='line_1_49' title="bbox 242 4210 1244 4276; baseline 0.001 -13"><span class='ocrx_word' id='word_1_227' title='bbox 242 4210 336 4263; x_wconf 84' lang='lat' dir='ltr'>sed</span> <span class='ocrx_word' id='word_1_228' title='bbox 352 4211 458 4262; x_wconf 89' lang='lat' dir='ltr'>sint</span> <span class='ocrx_word' id='word_1_229' title='bbox 472 4212 788 4276; x_wconf 84' lang='lat' dir='ltr'>generaliter</span> <span class='ocrx_word' id='word_1_230' title='bbox 805 4212 969 4263; x_wconf 88' lang='lat' dir='ltr'>dicta.</span> <span class='ocrx_word' id='word_1_231' title='bbox 1015 4212 1244 4265; x_wconf 73' lang='lat' dir='ltr'>Pickena.</span> 
     </span>
    </p>

    <p class='ocr_par' dir='ltr' id='par_1_9' title="bbox 242 4289 1314 4435">
     <span class='ocr_line' id='line_1_50' title="bbox 272 4289 1312 4355; baseline -0.003 -15"><span class='ocrx_word' id='word_1_232' title='bbox 272 4296 280 4317; x_wconf 82' lang='grc'>·“</span> <span class='ocrx_word' id='word_1_233' title='bbox 309 4289 450 4340; x_wconf 71' lang='grc' dir='ltr'><strong>ΟΑΡ.</strong></span> <span class='ocrx_word' id='word_1_234' title='bbox 473 4294 558 4343; x_wconf 76' lang='grc'>23.</span> <span class='ocrx_word' id='word_1_235' title='bbox 594 4291 910 4343; x_wconf 80' lang='lat' dir='ltr'>Incertuman</span> <span class='ocrx_word' id='word_1_236' title='bbox 924 4290 1113 4355; x_wconf 85' lang='lat' dir='ltr'>repens]</span> <span class='ocrx_word' id='word_1_237' title='bbox 1134 4289 1312 4352; x_wconf 86' lang='lat' dir='ltr'>Scrip-</span> 
     </span>
     <span class='ocr_line' id='line_1_51' title="bbox 242 4366 1314 4435; baseline 0.001 -15"><span class='ocrx_word' id='word_1_238' title='bbox 242 4367 398 4421; x_wconf 71' lang='lat' dir='ltr'>nerim</span> <span class='ocrx_word' id='word_1_239' title='bbox 417 4367 595 4434; x_wconf 84' lang='lat' dir='ltr'>potius</span> <span class='ocrx_word' id='word_1_240' title='bbox 614 4381 775 4421; x_wconf 85' lang='lat' dir='ltr'>reeens</span> <span class='ocrx_word' id='word_1_241' title='bbox 792 4385 809 4420; x_wconf 83' lang='lat'>.-</span> <span class='ocrx_word' id='word_1_242' title='bbox 829 4366 927 4419; x_wconf 87' lang='lat' dir='ltr'>nisi</span> <span class='ocrx_word' id='word_1_243' title='bbox 950 4374 1126 4418; x_wconf 86' lang='lat' dir='ltr'>tamen</span> <span class='ocrx_word' id='word_1_244' title='bbox 1147 4378 1314 4435; x_wconf 74' lang='lat' dir='ltr'>repens</span> 
     </span>
    </p>
   </div>
   <div class='ocr_carea' id='block_1_3' title="bbox 2274 396 2471 493">
    <p class='ocr_par' dir='ltr' id='par_1_10' title="bbox 2274 396 2471 493">
     <span class='ocr_line' id='line_1_52' title="bbox 2274 396 2471 493; baseline 0.046 -10"><span class='ocrx_word' id='word_1_245' title='bbox 2274 396 2471 493; x_wconf 72' lang='grc'><strong>’4141</strong></span> 
     </span>
    </p>
   </div>
   <div class='ocr_carea' id='block_1_4' title="bbox 1387 429 1948 482">
    <p class='ocr_par' dir='ltr' id='par_1_11' title="bbox 1387 429 1948 482">
     <span class='ocr_line' id='line_1_53' title="bbox 1387 429 1948 482; baseline 0.009 -5"><span class='ocrx_word' id='word_1_246' title='bbox 1387 429 1948 482; x_wconf 73' lang='lat' dir='ltr'>HISTORIARUM.</span> 
     </span>
    </p>
   </div>
   <div class='ocr_carea' id='block_1_5' title="bbox 1375 571 2472 4421">
    <p class='ocr_par' dir='ltr' id='par_1_12' title="bbox 1404 571 2472 792">
     <span class='ocr_line' id='line_1_54' title="bbox 1409 571 2472 638; baseline 0.009 -18"><span class='ocrx_word' id='word_1_247' title='bbox 1409 586 1504 636; x_wconf 88' lang='lat' dir='ltr'>pro</span> <span class='ocrx_word' id='word_1_248' title='bbox 1523 571 1726 635; x_wconf 84' lang='lat' dir='ltr'>eodem,</span> <span class='ocrx_word' id='word_1_249' title='bbox 1749 572 1885 638; x_wconf 89' lang='lat' dir='ltr'>qnod</span> <span class='ocrx_word' id='word_1_250' title='bbox 1922 572 2132 627; x_wconf 86' lang='lat' dir='ltr'>memini</span> <span class='ocrx_word' id='word_1_251' title='bbox 2163 573 2351 629; x_wconf 81' lang='lat' dir='ltr'>Annal.</span> <span class='ocrx_word' id='word_1_252' title='bbox 2373 578 2472 630; x_wconf 80' lang='lat' dir='ltr'>eti·</span> 
     </span>
     <span class='ocr_line' id='line_1_55' title="bbox 1407 649 2470 715; baseline 0.01 -17"><span class='ocrx_word' id='word_1_253' title='bbox 1407 663 1486 698; x_wconf 86' lang='lat' dir='ltr'>am</span> <span class='ocrx_word' id='word_1_254' title='bbox 1509 649 1653 699; x_wconf 88' lang='lat' dir='ltr'>libris</span> <span class='ocrx_word' id='word_1_255' title='bbox 1677 665 1709 699; x_wconf 86' lang='lat' dir='ltr'>a</span> <span class='ocrx_word' id='word_1_256' title='bbox 1731 665 1812 701; x_wconf 88' lang='lat' dir='ltr'>me</span> <span class='ocrx_word' id='word_1_257' title='bbox 1838 650 1921 700; x_wconf 87' lang='lat' dir='ltr'>vel</span> <span class='ocrx_word' id='word_1_258' title='bbox 1946 651 2177 715; x_wconf 71' lang='lat' dir='ltr'>Murem,</span> <span class='ocrx_word' id='word_1_259' title='bbox 2217 661 2363 705; x_wconf 87' lang='lat' dir='ltr'>recte</span> <span class='ocrx_word' id='word_1_260' title='bbox 2402 668 2470 709; x_wconf 74' lang='lat' dir='ltr'>an</span> 
     </span>
     <span class='ocr_line' id='line_1_56' title="bbox 1404 728 2192 792; baseline -0.001 -11"><span class='ocrx_word' id='word_1_261' title='bbox 1404 743 1556 781; x_wconf 81' lang='lat' dir='ltr'>secus</span> <span class='ocrx_word' id='word_1_262' title='bbox 1580 728 1970 792; x_wconf 88' lang='lat' dir='ltr'>interpolatum.</span> <span class='ocrx_word' id='word_1_263' title='bbox 2001 729 2192 783; x_wconf 78' lang='lat' dir='ltr'>Acidal.</span> 
     </span>
    </p>

    <p class='ocr_par' dir='ltr' id='par_1_13' title="bbox 1401 806 2469 949">
     <span class='ocr_line' id='line_1_57' title="bbox 1471 806 2469 874; baseline 0.006 -19"><span class='ocrx_word' id='word_1_264' title='bbox 1471 806 1804 870; x_wconf 85' lang='lat' dir='ltr'>Eniterentur]</span> <span class='ocrx_word' id='word_1_265' title='bbox 1835 807 2093 858; x_wconf 87' lang='lat' dir='ltr'>Probum.</span> <span class='ocrx_word' id='word_1_266' title='bbox 2114 822 2211 858; x_wconf 89' lang='lat' dir='ltr'>nec</span> <span class='ocrx_word' id='word_1_267' title='bbox 2233 810 2469 874; x_wconf 84' lang='lat' dir='ltr'>improbe</span> 
     </span>
     <span class='ocr_line' id='line_1_58' title="bbox 1401 881 2336 949; baseline 0.001 -14"><span class='ocrx_word' id='word_1_268' title='bbox 1401 881 1540 935; x_wconf 81' lang='lat' dir='ltr'>idem</span> <span class='ocrx_word' id='word_1_269' title='bbox 1564 882 1815 944; x_wconf 85' lang='lat' dir='ltr'>Pichena,</span> <span class='ocrx_word' id='word_1_270' title='bbox 1836 882 2159 934; x_wconf 72' lang='lat' dir='ltr'>emetirentur.</span> <span class='ocrx_word' id='word_1_271' title='bbox 2193 885 2336 949; x_wconf 72' lang='lat' dir='ltr'>Lips-</span> 
     </span>
    </p>

    <p class='ocr_par' dir='ltr' id='par_1_14' title="bbox 1392 962 2469 2169">
     <span class='ocr_line' id='line_1_59' title="bbox 1467 962 2469 1029; baseline 0 -18"><span class='ocrx_word' id='word_1_272' title='bbox 1467 962 1621 1025; x_wconf 82' lang='lat' dir='ltr'>AEgre</span> <span class='ocrx_word' id='word_1_273' title='bbox 1640 962 1726 1011; x_wconf 85' lang='lat' dir='ltr'>sub</span> <span class='ocrx_word' id='word_1_274' title='bbox 1746 962 1893 1010; x_wconf 71' lang='lat' dir='ltr'>annis</span> <span class='ocrx_word' id='word_1_275' title='bbox 1913 962 2261 1028; x_wconf 73' lang='lat' dir='ltr'>emitterentur]</span> <span class='ocrx_word' id='word_1_276' title='bbox 2290 963 2469 1029; x_wconf 73' lang='lat' dir='ltr'>Scrip.</span> 
     </span>
     <span class='ocr_line' id='line_1_60' title="bbox 1401 1038 2467 1103; baseline 0.007 -16"><span class='ocrx_word' id='word_1_277' title='bbox 1401 1039 1577 1101; x_wconf 88' lang='lat' dir='ltr'>simus,</span> <span class='ocrx_word' id='word_1_278' title='bbox 1617 1039 1928 1099; x_wconf 73' lang='lat' dir='ltr'>eniterentur,</span> <span class='ocrx_word' id='word_1_279' title='bbox 1972 1052 2075 1103; x_wconf 83' lang='lat' dir='ltr'>quo</span> <span class='ocrx_word' id='word_1_280' title='bbox 2127 1039 2288 1090; x_wconf 81' lang='lat' dir='ltr'>verbo</span> <span class='ocrx_word' id='word_1_281' title='bbox 2326 1038 2467 1095; x_wconf 67' lang='lat' dir='ltr'>Anus</span> 
     </span>
     <span class='ocr_line' id='line_1_61' title="bbox 1399 1115 2469 1181; baseline 0.005 -16"><span class='ocrx_word' id='word_1_282' title='bbox 1399 1115 1488 1168; x_wconf 90' lang='lat' dir='ltr'>lib.</span> <span class='ocrx_word' id='word_1_283' title='bbox 1504 1130 1571 1169; x_wconf 84' lang='lat'>11.</span> <span class='ocrx_word' id='word_1_284' title='bbox 1592 1117 1790 1176; x_wconf 87' lang='lat' dir='ltr'>utitur;</span> <span class='ocrx_word' id='word_1_285' title='bbox 1825 1116 1841 1144; x_wconf 92' lang='lat'>‘</span> <span class='ocrx_word' id='word_1_286' title='bbox 1860 1117 1989 1167; x_wconf 86' lang='lat' dir='ltr'>Pars</span> <span class='ocrx_word' id='word_1_287' title='bbox 2001 1115 2263 1181; x_wconf 83' lang='lat' dir='ltr'>objectum</span> <span class='ocrx_word' id='word_1_288' title='bbox 2281 1128 2469 1181; x_wconf 80' lang='lat' dir='ltr'>agmen</span> 
     </span>
     <span class='ocr_line' id='line_1_62' title="bbox 1400 1190 2466 1245; baseline 0.001 -2"><span class='ocrx_word' id='word_1_289' title='bbox 1400 1190 1727 1244; x_wconf 84' lang='lat' dir='ltr'>eniteretur.&#39;</span> <span class='ocrx_word' id='word_1_290' title='bbox 1757 1192 2027 1243; x_wconf 72' lang='lat' dir='ltr'>Rhenanus.</span> <span class='ocrx_word' id='word_1_291' title='bbox 2092 1193 2174 1241; x_wconf 88' lang='lat' dir='ltr'>Ex</span> <span class='ocrx_word' id='word_1_292' title='bbox 2212 1194 2351 1243; x_wconf 86' lang='lat' dir='ltr'>Flor.</span> <span class='ocrx_word' id='word_1_293' title='bbox 2385 1208 2466 1245; x_wconf 89' lang='lat' dir='ltr'>re-</span> 
     </span>
     <span class='ocr_line' id='line_1_63' title="bbox 1400 1268 2467 1336; baseline 0.004 -18"><span class='ocrx_word' id='word_1_294' title='bbox 1400 1270 1568 1333; x_wconf 83' lang='lat' dir='ltr'>stitui,</span> <span class='ocrx_word' id='word_1_295' title='bbox 1587 1269 1895 1323; x_wconf 75' lang='lat' dir='ltr'>eniterentur.</span> <span class='ocrx_word' id='word_1_296' title='bbox 1960 1268 2130 1332; x_wconf 84' lang='lat' dir='ltr'>Vulgo</span> <span class='ocrx_word' id='word_1_297' title='bbox 2154 1270 2318 1320; x_wconf 85' lang='lat' dir='ltr'>minus</span> <span class='ocrx_word' id='word_1_298' title='bbox 2341 1277 2467 1336; x_wconf 79' lang='lat' dir='ltr'>apte</span> 
     </span>
     <span class='ocr_line' id='line_1_64' title="bbox 1396 1343 2468 1407; baseline 0.005 -11"><span class='ocrx_word' id='word_1_299' title='bbox 1396 1347 1743 1397; x_wconf 77' lang='lat' dir='ltr'>emitterentur.</span> <span class='ocrx_word' id='word_1_300' title='bbox 1776 1345 1916 1399; x_wconf 87' lang='lat' dir='ltr'>Ann.</span> <span class='ocrx_word' id='word_1_301' title='bbox 1939 1343 2030 1396; x_wconf 89' lang='lat' dir='ltr'>lib.</span> <span class='ocrx_word' id='word_1_302' title='bbox 2056 1358 2136 1397; x_wconf 80' lang='lat'>¹1.</span> <span class='ocrx_word' id='word_1_303' title='bbox 2159 1347 2176 1374; x_wconf 89' lang='lat'>‘</span> <span class='ocrx_word' id='word_1_304' title='bbox 2200 1360 2303 1399; x_wconf 87' lang='lat' dir='ltr'>non</span> <span class='ocrx_word' id='word_1_305' title='bbox 2325 1348 2468 1407; x_wconf 73' lang='lat' dir='ltr'>ultra</span> 
     </span>
     <span class='ocr_line' id='line_1_65' title="bbox 1397 1422 2464 1489; baseline 0.007 -18"><span class='ocrx_word' id='word_1_306' title='bbox 1397 1422 1711 1488; x_wconf 79' lang='lat' dir='ltr'>dubitatum,</span> <span class='ocrx_word' id='word_1_307' title='bbox 1728 1439 1880 1489; x_wconf 82' lang='lat' dir='ltr'>qnam</span> <span class='ocrx_word' id='word_1_308' title='bbox 1902 1422 2025 1474; x_wconf 88' lang='lat' dir='ltr'>dum</span> <span class='ocrx_word' id='word_1_309' title='bbox 2056 1424 2203 1475; x_wconf 88' lang='lat' dir='ltr'>Rom.</span> <span class='ocrx_word' id='word_1_310' title='bbox 2227 1423 2464 1479; x_wconf 76' lang='lat' dir='ltr'>cohortes</span> 
     </span>
     <span class='ocr_line' id='line_1_66' title="bbox 1393 1498 2467 1565; baseline 0.002 -17"><span class='ocrx_word' id='word_1_311' title='bbox 1393 1499 1448 1549; x_wconf 90' lang='lat' dir='ltr'>in</span> <span class='ocrx_word' id='word_1_312' title='bbox 1473 1515 1678 1565; x_wconf 82' lang='lat' dir='ltr'>aeqnnm</span> <span class='ocrx_word' id='word_1_313' title='bbox 1699 1498 2056 1550; x_wconf 85' lang='lat' dir='ltr'>eniterentur.&#39;</span> <span class='ocrx_word' id='word_1_314' title='bbox 2123 1500 2283 1551; x_wconf 89' lang='lat' dir='ltr'>Forte</span> <span class='ocrx_word' id='word_1_315' title='bbox 2304 1500 2467 1555; x_wconf 84' lang='lat' dir='ltr'>etiarn</span> 
     </span>
     <span class='ocr_line' id='line_1_67' title="bbox 1394 1577 2465 1641; baseline 0.006 -15"><span class='ocrx_word' id='word_1_316' title='bbox 1394 1591 1500 1629; x_wconf 91' lang='lat' dir='ltr'>non</span> <span class='ocrx_word' id='word_1_317' title='bbox 1539 1578 1693 1641; x_wconf 86' lang='lat' dir='ltr'>male,</span> <span class='ocrx_word' id='word_1_318' title='bbox 1720 1578 2051 1629; x_wconf 82' lang='lat' dir='ltr'>emetirentur.</span> <span class='ocrx_word' id='word_1_319' title='bbox 2116 1577 2203 1627; x_wconf 81' lang='lat' dir='ltr'>Sic</span> <span class='ocrx_word' id='word_1_320' title='bbox 2238 1577 2329 1628; x_wconf 88' lang='lat' dir='ltr'>lib.</span> <span class='ocrx_word' id='word_1_321' title='bbox 2362 1590 2465 1635; x_wconf 71' lang='lat' dir='ltr'>xv·</span> 
     </span>
     <span class='ocr_line' id='line_1_68' title="bbox 1395 1653 2465 1720; baseline 0.003 -18"><span class='ocrx_word' id='word_1_322' title='bbox 1395 1653 1410 1680; x_wconf 81' lang='lat'><strong><em>⁴</em></strong></span> <span class='ocrx_word' id='word_1_323' title='bbox 1426 1668 1528 1704; x_wconf 87' lang='lat' dir='ltr'>uno</span> <span class='ocrx_word' id='word_1_324' title='bbox 1546 1654 1630 1704; x_wconf 88' lang='lat' dir='ltr'>die</span> <span class='ocrx_word' id='word_1_325' title='bbox 1648 1654 1990 1720; x_wconf 82' lang='lat' dir='ltr'>quadraginta</span> <span class='ocrx_word' id='word_1_326' title='bbox 2005 1654 2221 1706; x_wconf 87' lang='lat' dir='ltr'>millium</span> <span class='ocrx_word' id='word_1_327' title='bbox 2234 1656 2465 1719; x_wconf 86' lang='lat' dir='ltr'>spatium</span> 
     </span>
     <span class='ocr_line' id='line_1_69' title="bbox 1395 1732 2465 1785; baseline 0.004 -6"><span class='ocrx_word' id='word_1_328' title='bbox 1395 1744 1657 1781; x_wconf 87' lang='lat' dir='ltr'>emensum</span> <span class='ocrx_word' id='word_1_329' title='bbox 1679 1732 1824 1782; x_wconf 65' lang='lat' dir='ltr'>esse?</span> <span class='ocrx_word' id='word_1_330' title='bbox 1865 1732 2007 1784; x_wconf 87' lang='lat' dir='ltr'>Hist.</span> <span class='ocrx_word' id='word_1_331' title='bbox 2038 1732 2132 1782; x_wconf 87' lang='lat' dir='ltr'>lib.</span> <span class='ocrx_word' id='word_1_332' title='bbox 2164 1746 2217 1783; x_wconf 75' lang='lat' dir='ltr'>v,</span> <span class='ocrx_word' id='word_1_333' title='bbox 2267 1734 2282 1759; x_wconf 89' lang='lat'>‘</span> <span class='ocrx_word' id='word_1_334' title='bbox 2303 1732 2465 1785; x_wconf 87' lang='lat' dir='ltr'>tertio</span> 
     </span>
     <span class='ocr_line' id='line_1_70' title="bbox 1395 1808 2465 1865; baseline 0.006 -8"><span class='ocrx_word' id='word_1_335' title='bbox 1395 1808 1481 1858; x_wconf 88' lang='lat' dir='ltr'>die</span> <span class='ocrx_word' id='word_1_336' title='bbox 1528 1815 1728 1859; x_wconf 80' lang='lat' dir='ltr'>tautum</span> <span class='ocrx_word' id='word_1_337' title='bbox 1769 1810 1926 1859; x_wconf 87' lang='lat' dir='ltr'>maris</span> <span class='ocrx_word' id='word_1_338' title='bbox 1946 1808 2177 1860; x_wconf 65' lang='lat' dir='ltr'>emensi?</span> <span class='ocrx_word' id='word_1_339' title='bbox 2228 1809 2465 1865; x_wconf 59' lang='lat' dir='ltr'>Pie-hena.</span> 
     </span>
     <span class='ocr_line' id='line_1_71' title="bbox 1395 1875 2464 1950; baseline 0.002 -14"><span class='ocrx_word' id='word_1_340' title='bbox 1395 1887 1539 1936; x_wconf 88' lang='lat' dir='ltr'>Cave</span> <span class='ocrx_word' id='word_1_341' title='bbox 1562 1875 1841 1950; x_wconf 76' lang='lat' dir='ltr'>mutemus,</span> <span class='ocrx_word' id='word_1_342' title='bbox 1861 1888 2179 1939; x_wconf 78' lang='lat' dir='ltr'>eniterentur:</span> <span class='ocrx_word' id='word_1_343' title='bbox 2213 1893 2293 1937; x_wconf 90' lang='lat' dir='ltr'>est</span> <span class='ocrx_word' id='word_1_344' title='bbox 2323 1888 2464 1938; x_wconf 88' lang='lat' dir='ltr'>enim</span> 
     </span>
     <span class='ocr_line' id='line_1_72' title="bbox 1395 1962 2465 2031; baseline -0.001 -17"><span class='ocrx_word' id='word_1_345' title='bbox 1395 1978 1498 2014; x_wconf 85' lang='lat' dir='ltr'>vox</span> <span class='ocrx_word' id='word_1_346' title='bbox 1542 1965 1661 2016; x_wconf 86' lang='lat' dir='ltr'>heic</span> <span class='ocrx_word' id='word_1_347' title='bbox 1705 1965 1834 2014; x_wconf 87' lang='lat' dir='ltr'>mire</span> <span class='ocrx_word' id='word_1_348' title='bbox 1879 1962 2093 2015; x_wconf 83' lang='lat' dir='ltr'>efficax:</span> <span class='ocrx_word' id='word_1_349' title='bbox 2150 1969 2210 2023; x_wconf 76' lang='lat' dir='ltr'>ut</span> <span class='ocrx_word' id='word_1_350' title='bbox 2254 1962 2465 2031; x_wconf 74' lang='lat' dir='ltr'>ostendi</span> 
     </span>
     <span class='ocr_line' id='line_1_73' title="bbox 1392 2039 2467 2106; baseline 0.002 -16"><span class='ocrx_word' id='word_1_351' title='bbox 1392 2040 1632 2105; x_wconf 86' lang='lat' dir='ltr'>pluribus</span> <span class='ocrx_word' id='word_1_352' title='bbox 1687 2041 1742 2092; x_wconf 91' lang='lat' dir='ltr'>in</span> <span class='ocrx_word' id='word_1_353' title='bbox 1793 2040 2155 2106; x_wconf 80' lang='lat' dir='ltr'>Suspicionum</span> <span class='ocrx_word' id='word_1_354' title='bbox 2201 2039 2467 2105; x_wconf 59' lang='lat' dir='ltr'>congerie„</span> 
     </span>
     <span class='ocr_line' id='line_1_74' title="bbox 1396 2117 1652 2169; baseline 0.008 -2"><span class='ocrx_word' id='word_1_355' title='bbox 1396 2117 1652 2169; x_wconf 81' lang='lat' dir='ltr'>Gruterus.</span> 
     </span>
    </p>

    <p class='ocr_par' dir='ltr' id='par_1_15' title="bbox 1375 2192 2464 2787">
     <span class='ocr_line' id='line_1_75' title="bbox 1458 2192 2464 2258; baseline -0.005 -10"><span class='ocrx_word' id='word_1_356' title='bbox 1458 2197 1596 2249; x_wconf 74' lang='lat' dir='ltr'>CAP.</span> <span class='ocrx_word' id='word_1_357' title='bbox 1628 2200 1711 2247; x_wconf 78' lang='lat'>24.</span> <span class='ocrx_word' id='word_1_358' title='bbox 1749 2195 2091 2258; x_wconf 74' lang='lat' dir='ltr'>Flagrantibus</span> <span class='ocrx_word' id='word_1_359' title='bbox 2113 2192 2223 2255; x_wconf 71' lang='lat' dir='ltr'>jain</span> <span class='ocrx_word' id='word_1_360' title='bbox 2257 2192 2464 2243; x_wconf 80' lang='lat' dir='ltr'>militum</span> 
     </span>
     <span class='ocr_line' id='line_1_76' title="bbox 1392 2270 2463 2343; baseline -0.003 -20"><span class='ocrx_word' id='word_1_361' title='bbox 1392 2273 1590 2338; x_wconf 73' lang='lat' dir='ltr'>aninsis]</span> <span class='ocrx_word' id='word_1_362' title='bbox 1643 2273 1867 2323; x_wconf 87' lang='lat' dir='ltr'>Dativus</span> <span class='ocrx_word' id='word_1_363' title='bbox 1889 2273 2062 2322; x_wconf 81' lang='lat' dir='ltr'>animis</span> <span class='ocrx_word' id='word_1_364' title='bbox 2083 2286 2183 2322; x_wconf 90' lang='lat' dir='ltr'>non</span> <span class='ocrx_word' id='word_1_365' title='bbox 2206 2270 2359 2320; x_wconf 85' lang='lat' dir='ltr'>estin</span> <span class='ocrx_word' id='word_1_366' title='bbox 2384 2285 2463 2343; x_wconf 67' lang='lat' dir='ltr'>re7</span> 
     </span>
     <span class='ocr_line' id='line_1_77' title="bbox 1394 2348 2462 2415; baseline -0.001 -15"><span class='ocrx_word' id='word_1_367' title='bbox 1394 2350 1479 2414; x_wconf 85' lang='lat' dir='ltr'>gio</span> <span class='ocrx_word' id='word_1_368' title='bbox 1502 2348 1654 2415; x_wconf 86' lang='lat' dir='ltr'>libro,</span> <span class='ocrx_word' id='word_1_369' title='bbox 1687 2365 1784 2400; x_wconf 88' lang='lat' dir='ltr'>nec</span> <span class='ocrx_word' id='word_1_370' title='bbox 1818 2364 1881 2400; x_wconf 88' lang='lat' dir='ltr'>co</span> <span class='ocrx_word' id='word_1_371' title='bbox 1915 2364 2045 2415; x_wconf 89' lang='lat' dir='ltr'>opus</span> <span class='ocrx_word' id='word_1_372' title='bbox 2070 2348 2155 2398; x_wconf 91' lang='grc'><strong>1110</strong></span> <span class='ocrx_word' id='word_1_373' title='bbox 2190 2354 2306 2398; x_wconf 86' lang='lat' dir='ltr'>est:</span> <span class='ocrx_word' id='word_1_374' title='bbox 2343 2361 2462 2399; x_wconf 86' lang='lat' dir='ltr'>nam</span> 
     </span>
     <span class='ocr_line' id='line_1_78' title="bbox 1389 2423 2461 2492; baseline -0.005 -16"><span class='ocrx_word' id='word_1_375' title='bbox 1389 2426 1608 2478; x_wconf 81' lang='lat' dir='ltr'>Tacitus</span> <span class='ocrx_word' id='word_1_376' title='bbox 1629 2427 1779 2490; x_wconf 86' lang='lat' dir='ltr'>dixit,</span> <span class='ocrx_word' id='word_1_377' title='bbox 1785 2424 2120 2492; x_wconf 81' lang='lat' dir='ltr'>flagrantibus</span> <span class='ocrx_word' id='word_1_378' title='bbox 2133 2423 2342 2473; x_wconf 82' lang='lat' dir='ltr'>militum</span> <span class='ocrx_word' id='word_1_379' title='bbox 2365 2437 2461 2487; x_wconf 79' lang='lat' dir='ltr'>pro</span> 
     </span>
     <span class='ocr_line' id='line_1_79' title="bbox 1375 2500 2461 2570; baseline -0.006 -13"><span class='ocrx_word' id='word_1_380' title='bbox 1375 2504 1707 2570; x_wconf 65' lang='lat' dir='ltr'>flqgruntibus</span> <span class='ocrx_word' id='word_1_381' title='bbox 1748 2504 2011 2555; x_wconf 81' lang='lat' dir='ltr'>militibus.-</span> <span class='ocrx_word' id='word_1_382' title='bbox 2068 2517 2171 2568; x_wconf 86' lang='lat' dir='ltr'>quo</span> <span class='ocrx_word' id='word_1_383' title='bbox 2209 2500 2461 2566; x_wconf 88' lang='lat' dir='ltr'>loquendi</span> 
     </span>
     <span class='ocr_line' id='line_1_80' title="bbox 1390 2578 2462 2646; baseline -0.007 -16"><span class='ocrx_word' id='word_1_384' title='bbox 1390 2582 1543 2632; x_wconf 88' lang='lat' dir='ltr'>modo</span> <span class='ocrx_word' id='word_1_385' title='bbox 1564 2581 1692 2632; x_wconf 87' lang='grc'><strong>011111</strong></span> <span class='ocrx_word' id='word_1_386' title='bbox 1713 2582 1853 2646; x_wconf 83' lang='lat' dir='ltr'>apud</span> <span class='ocrx_word' id='word_1_387' title='bbox 1874 2582 2009 2631; x_wconf 84' lang='lat' dir='ltr'>hunc</span> <span class='ocrx_word' id='word_1_388' title='bbox 2032 2578 2285 2629; x_wconf 86' lang='lat' dir='ltr'>crebrius.</span> <span class='ocrx_word' id='word_1_389' title='bbox 2344 2578 2462 2628; x_wconf 56' lang='lat' dir='ltr'>Plus</span> 
     </span>
     <span class='ocr_line' id='line_1_81' title="bbox 1384 2656 2463 2724; baseline -0.006 -14"><span class='ocrx_word' id='word_1_390' title='bbox 1384 2660 1641 2722; x_wconf 57' lang='lat' dir='ltr'>pontibus</span> <span class='ocrx_word' id='word_1_391' title='bbox 1649 2660 1755 2722; x_wconf 80' lang='lat' dir='ltr'>jam</span> <span class='ocrx_word' id='word_1_392' title='bbox 1775 2660 1998 2724; x_wconf 84' lang='lat' dir='ltr'>militum,</span> <span class='ocrx_word' id='word_1_393' title='bbox 2016 2660 2144 2708; x_wconf 82' lang='lat' dir='ltr'>velut</span> <span class='ocrx_word' id='word_1_394' title='bbox 2166 2656 2305 2717; x_wconf 79' lang='lat' dir='ltr'>faces</span> <span class='ocrx_word' id='word_1_395' title='bbox 2324 2656 2463 2706; x_wconf 76' lang='lat' dir='ltr'>addi·</span> 
     </span>
     <span class='ocr_line' id='line_1_82' title="bbox 1387 2738 1880 2787; baseline -0.002 0"><span class='ocrx_word' id='word_1_396' title='bbox 1387 2738 1545 2787; x_wconf 81' lang='lat' dir='ltr'>derat.</span> <span class='ocrx_word' id='word_1_397' title='bbox 1582 2738 1880 2787; x_wconf 85' lang='lat' dir='ltr'>Rhenanus.</span> 
     </span>
    </p>

    <p class='ocr_par' dir='ltr' id='par_1_16' title="bbox 1385 2809 2462 3176">
     <span class='ocr_line' id='line_1_83' title="bbox 1461 2809 2457 2877; baseline -0.005 -13"><span class='ocrx_word' id='word_1_398' title='bbox 1461 2813 1662 2864; x_wconf 85' lang='lat' dir='ltr'>Viritim</span> <span class='ocrx_word' id='word_1_399' title='bbox 1698 2820 1915 2864; x_wconf 84' lang='lat' dir='ltr'>centenos</span> <span class='ocrx_word' id='word_1_400' title='bbox 1948 2827 2157 2863; x_wconf 83' lang='lat' dir='ltr'>nummos</span> <span class='ocrx_word' id='word_1_401' title='bbox 2194 2809 2457 2877; x_wconf 74' lang='lat' dir='ltr'>dividebat]</span> 
     </span>
     <span class='ocr_line' id='line_1_84' title="bbox 1385 2888 2461 2958; baseline -0.006 -16"><span class='ocrx_word' id='word_1_402' title='bbox 1385 2891 1739 2958; x_wconf 85' lang='lat' dir='ltr'>Tranquillus,</span> <span class='ocrx_word' id='word_1_403' title='bbox 1759 2906 1950 2941; x_wconf 82' lang='lat' dir='ltr'>aureum</span> <span class='ocrx_word' id='word_1_404' title='bbox 1972 2890 2098 2940; x_wconf 88' lang='lat' dir='ltr'>dare</span> <span class='ocrx_word' id='word_1_405' title='bbox 2122 2888 2329 2939; x_wconf 83' lang='lat' dir='ltr'>solitum</span> <span class='ocrx_word' id='word_1_406' title='bbox 2355 2896 2461 2938; x_wconf 82' lang='lat' dir='ltr'>tra-</span> 
     </span>
     <span class='ocr_line' id='line_1_85' title="bbox 1387 2965 2461 3028; baseline -0.006 -11"><span class='ocrx_word' id='word_1_407' title='bbox 1387 2967 1502 3019; x_wconf 80' lang='lat' dir='ltr'>dit:</span> <span class='ocrx_word' id='word_1_408' title='bbox 1559 2975 1621 3019; x_wconf 91' lang='lat' dir='ltr'>ut</span> <span class='ocrx_word' id='word_1_409' title='bbox 1658 2969 1779 3018; x_wconf 90' lang='lat' dir='ltr'>inde</span> <span class='ocrx_word' id='word_1_410' title='bbox 1819 2965 2160 3016; x_wconf 85' lang='lat' dir='ltr'>fortissimum</span> <span class='ocrx_word' id='word_1_411' title='bbox 2201 2965 2271 3014; x_wconf 89' lang='lat' dir='ltr'>sit</span> <span class='ocrx_word' id='word_1_412' title='bbox 2310 2978 2461 3028; x_wconf 89' lang='lat' dir='ltr'>argu-</span> 
     </span>
     <span class='ocr_line' id='line_1_86' title="bbox 1385 3043 2462 3110; baseline -0.006 -12"><span class='ocrx_word' id='word_1_413' title='bbox 1385 3054 1633 3110; x_wconf 87' lang='lat' dir='ltr'>mentum,</span> <span class='ocrx_word' id='word_1_414' title='bbox 1663 3051 1849 3097; x_wconf 85' lang='lat' dir='ltr'>centum</span> <span class='ocrx_word' id='word_1_415' title='bbox 1884 3044 2084 3095; x_wconf 83' lang='lat' dir='ltr'>nummis</span> <span class='ocrx_word' id='word_1_416' title='bbox 2112 3043 2462 3095; x_wconf 67' lang='grc' dir='ltr'><strong>01011100ῑί00-</strong></span> 
     </span>
     <span class='ocr_line' id='line_1_87' title="bbox 1385 3124 1822 3176; baseline 0.002 -1"><span class='ocrx_word' id='word_1_417' title='bbox 1385 3140 1535 3175; x_wconf 85' lang='lat' dir='ltr'>reum.</span> <span class='ocrx_word' id='word_1_418' title='bbox 1568 3124 1822 3176; x_wconf 84' lang='lat' dir='ltr'>Alciatus.</span> 
     </span>
    </p>

    <p class='ocr_par' dir='ltr' id='par_1_17' title="bbox 1385 3199 2459 3330">
     <span class='ocr_line' id='line_1_88' title="bbox 1452 3199 2459 3267; baseline -0.007 -14"><span class='ocrx_word' id='word_1_419' title='bbox 1452 3201 1725 3266; x_wconf 85' lang='lat' dir='ltr'>Publieam]</span> <span class='ocrx_word' id='word_1_420' title='bbox 1757 3202 1986 3267; x_wconf 74' lang='grc' dir='ltr'><strong><em>Ἐμφανῆ,</em></strong></span> <span class='ocrx_word' id='word_1_421' title='bbox 2009 3206 2100 3251; x_wconf 88' lang='lat' dir='ltr'>aut</span> <span class='ocrx_word' id='word_1_422' title='bbox 2120 3199 2294 3264; x_wconf 83' lang='lat' dir='ltr'>potius</span> <span class='ocrx_word' id='word_1_423' title='bbox 2317 3200 2459 3259; x_wconf 74' lang='grc' dir='ltr'><strong><em>δημο·</em></strong></span> 
     </span>
     <span class='ocr_line' id='line_1_89' title="bbox 1385 3278 1791 3330; baseline -0.002 -1"><span class='ocrx_word' id='word_1_424' title='bbox 1385 3278 1511 3330; x_wconf 62' lang='grc' dir='ltr'><strong>σίων.</strong></span> <span class='ocrx_word' id='word_1_425' title='bbox 1547 3279 1791 3330; x_wconf 80' lang='lat' dir='ltr'>Savillius.</span> 
     </span>
    </p>

    <p class='ocr_par' dir='ltr' id='par_1_18' title="bbox 1384 3351 2459 3796">
     <span class='ocr_line' id='line_1_90' title="bbox 1450 3351 2457 3421; baseline -0.008 -14"><span class='ocrx_word' id='word_1_426' title='bbox 1450 3359 1653 3408; x_wconf 82' lang='lat' dir='ltr'>Proculo</span> <span class='ocrx_word' id='word_1_427' title='bbox 1675 3356 1980 3421; x_wconf 74' lang='lat' dir='ltr'>speculatori]</span> <span class='ocrx_word' id='word_1_428' title='bbox 2002 3353 2325 3418; x_wconf 89' lang='lat' dir='ltr'>Ubicumque</span> <span class='ocrx_word' id='word_1_429' title='bbox 2345 3351 2457 3401; x_wconf 70' lang='lat' dir='ltr'>vul·</span> 
     </span>
     <span class='ocr_line' id='line_1_91' title="bbox 1385 3429 2459 3502; baseline -0.01 -15"><span class='ocrx_word' id='word_1_430' title='bbox 1385 3443 1524 3502; x_wconf 83' lang='lat' dir='ltr'>gatae</span> <span class='ocrx_word' id='word_1_431' title='bbox 1548 3436 1804 3486; x_wconf 83' lang='lat' dir='ltr'>editiones</span> <span class='ocrx_word' id='word_1_432' title='bbox 1840 3435 2035 3483; x_wconf 87' lang='lat' dir='ltr'>habent</span> <span class='ocrx_word' id='word_1_433' title='bbox 2053 3429 2353 3494; x_wconf 78' lang='lat' dir='ltr'>spiculatoris</span> <span class='ocrx_word' id='word_1_434' title='bbox 2371 3442 2459 3478; x_wconf 85' lang='lat' dir='ltr'>vo-</span> 
     </span>
     <span class='ocr_line' id='line_1_92' title="bbox 1384 3503 2455 3576; baseline -0.011 -12"><span class='ocrx_word' id='word_1_435' title='bbox 1384 3511 1644 3575; x_wconf 82' lang='lat' dir='ltr'>cabulum,</span> <span class='ocrx_word' id='word_1_436' title='bbox 1665 3509 1968 3576; x_wconf 84' lang='lat' dir='ltr'>speculatoris</span> <span class='ocrx_word' id='word_1_437' title='bbox 2005 3507 2186 3557; x_wconf 85' lang='lat' dir='ltr'>Codex</span> <span class='ocrx_word' id='word_1_438' title='bbox 2208 3503 2455 3554; x_wconf 60' lang='lat' dir='ltr'>Matthias</span> 
     </span>
     <span class='ocr_line' id='line_1_93' title="bbox 1385 3586 2457 3642; baseline -0.007 -1"><span class='ocrx_word' id='word_1_439' title='bbox 1385 3589 1599 3642; x_wconf 87' lang='lat' dir='ltr'>Corvini</span> <span class='ocrx_word' id='word_1_440' title='bbox 1621 3589 1872 3640; x_wconf 87' lang='lat' dir='ltr'>continet.</span> <span class='ocrx_word' id='word_1_441' title='bbox 1942 3586 2141 3636; x_wconf 88' lang='lat' dir='ltr'>Notum</span> <span class='ocrx_word' id='word_1_442' title='bbox 2173 3589 2350 3632; x_wconf 86' lang='lat' dir='ltr'>autem</span> <span class='ocrx_word' id='word_1_443' title='bbox 2370 3586 2457 3633; x_wconf 82' lang='lat' dir='ltr'>est</span> 
     </span>
     <span class='ocr_line' id='line_1_94' title="bbox 1386 3661 2453 3733; baseline -0.01 -16"><span class='ocrx_word' id='word_1_444' title='bbox 1386 3666 1646 3733; x_wconf 87' lang='lat' dir='ltr'>quodnam</span> <span class='ocrx_word' id='word_1_445' title='bbox 1666 3663 1893 3715; x_wconf 84' lang='lat' dir='ltr'>officium</span> <span class='ocrx_word' id='word_1_446' title='bbox 1916 3662 2075 3712; x_wconf 85' lang='lat' dir='ltr'>fuerit</span> <span class='ocrx_word' id='word_1_447' title='bbox 2093 3661 2316 3725; x_wconf 83' lang='grc'><strong>0111111110</strong></span> <span class='ocrx_word' id='word_1_448' title='bbox 2338 3672 2453 3722; x_wconf 89' lang='lat' dir='ltr'>spe-</span> 
     </span>
     <span class='ocr_line' id='line_1_95' title="bbox 1385 3742 2010 3796; baseline -0.011 -1"><span class='ocrx_word' id='word_1_449' title='bbox 1385 3746 1701 3796; x_wconf 84' lang='lat' dir='ltr'>culatorum.</span> <span class='ocrx_word' id='word_1_450' title='bbox 1734 3742 2010 3792; x_wconf 71' lang='lat' dir='ltr'>Rloenanus.</span> 
     </span>
    </p>

    <p class='ocr_par' dir='ltr' id='par_1_19' title="bbox 1383 3812 2455 4187">
     <span class='ocr_line' id='line_1_96' title="bbox 1451 3812 2454 3886; baseline -0.012 -13"><span class='ocrx_word' id='word_1_451' title='bbox 1451 3825 1587 3873; x_wconf 59' lang='lat' dir='ltr'>Ciu».</span> <span class='ocrx_word' id='word_1_452' title='bbox 1622 3827 1705 3872; x_wconf 81' lang='lat'>26.</span> <span class='ocrx_word' id='word_1_453' title='bbox 1741 3821 1996 3886; x_wconf 77' lang='lat' dir='ltr'>Optionem</span> <span class='ocrx_word' id='word_1_454' title='bbox 2012 3812 2287 3876; x_wconf 84' lang='lat' dir='ltr'>eorundem]</span> <span class='ocrx_word' id='word_1_455' title='bbox 2327 3812 2454 3863; x_wconf 71' lang='lat'>*01²-</span> 
     </span>
     <span class='ocr_line' id='line_1_97' title="bbox 1383 3889 2450 3951; baseline -0.013 -1"><span class='ocrx_word' id='word_1_456' title='bbox 1383 3913 1562 3950; x_wconf 72' lang='lat' dir='ltr'>nom.</span> <span class='ocrx_word' id='word_1_457' title='bbox 1629 3899 1772 3951; x_wconf 88' lang='lat' dir='ltr'>Male</span> <span class='ocrx_word' id='word_1_458' title='bbox 1794 3902 1968 3945; x_wconf 86' lang='lat' dir='ltr'>autem</span> <span class='ocrx_word' id='word_1_459' title='bbox 1990 3893 2240 3942; x_wconf 85' lang='lat' dir='ltr'>hactenus</span> <span class='ocrx_word' id='word_1_460' title='bbox 2277 3890 2329 3938; x_wconf 90' lang='lat' dir='ltr'>in</span> <span class='ocrx_word' id='word_1_461' title='bbox 2349 3889 2450 3937; x_wconf 86' lang='lat' dir='ltr'>Ta-</span> 
     </span>
     <span class='ocr_line' id='line_1_98' title="bbox 1384 3969 2455 4037; baseline -0.014 -9"><span class='ocrx_word' id='word_1_462' title='bbox 1384 3978 1489 4028; x_wconf 88' lang='lat' dir='ltr'>cito</span> <span class='ocrx_word' id='word_1_463' title='bbox 1546 3976 1650 4037; x_wconf 91' lang='grc'><strong>1110,</strong></span> <span class='ocrx_word' id='word_1_464' title='bbox 1706 3974 1956 4034; x_wconf 71' lang='lat' dir='ltr'>Othonem,</span> <span class='ocrx_word' id='word_1_465' title='bbox 2011 3969 2225 4030; x_wconf 89' lang='lat' dir='ltr'>lectum,</span> <span class='ocrx_word' id='word_1_466' title='bbox 2273 3972 2455 4021; x_wconf 75' lang='lat' dir='ltr'>contra</span> 
     </span>
     <span class='ocr_line' id='line_1_99' title="bbox 1383 4041 2453 4112; baseline -0.016 -7"><span class='ocrx_word' id='word_1_467' title='bbox 1383 4054 1625 4104; x_wconf 87' lang='lat' dir='ltr'>meliores</span> <span class='ocrx_word' id='word_1_468' title='bbox 1647 4052 1827 4112; x_wconf 88' lang='lat' dir='ltr'>libros,</span> <span class='ocrx_word' id='word_1_469' title='bbox 1860 4048 2089 4110; x_wconf 88' lang='lat' dir='ltr'>itemque</span> <span class='ocrx_word' id='word_1_470' title='bbox 2122 4041 2322 4107; x_wconf 88' lang='lat' dir='ltr'>Cujacii</span> <span class='ocrx_word' id='word_1_471' title='bbox 2344 4056 2453 4095; x_wconf 68' lang='lat' dir='ltr'>mo«.</span> 
     </span>
     <span class='ocr_line' id='line_1_100' title="bbox 1384 4124 2090 4187; baseline -0.016 -6"><span class='ocrx_word' id='word_1_472' title='bbox 1384 4133 1497 4181; x_wconf 84' lang='lat' dir='ltr'>nita</span> <span class='ocrx_word' id='word_1_473' title='bbox 1517 4137 1574 4180; x_wconf 89' lang='grc'>01</span> <span class='ocrx_word' id='word_1_474' title='bbox 1594 4126 1849 4179; x_wconf 85' lang='lat' dir='ltr'>Turnebi.</span> <span class='ocrx_word' id='word_1_475' title='bbox 1881 4124 2090 4187; x_wconf 82' lang='lat' dir='ltr'>Lipsius.</span> 
     </span>
    </p>

    <p class='ocr_par' dir='ltr' id='par_1_20' title="bbox 1383 4194 2459 4421">
     <span class='ocr_line' id='line_1_101' title="bbox 1458 4194 2452 4268; baseline -0.016 -10"><span class='ocrx_word' id='word_1_476' title='bbox 1458 4206 1703 4257; x_wconf 83' lang='lat' dir='ltr'>Veturium</span> <span class='ocrx_word' id='word_1_477' title='bbox 1745 4199 2021 4268; x_wconf 79' lang='lat' dir='ltr'>optionem]</span> <span class='ocrx_word' id='word_1_478' title='bbox 2059 4199 2147 4249; x_wconf 86' lang='lat' dir='ltr'>Ita</span> <span class='ocrx_word' id='word_1_479' title='bbox 2174 4195 2331 4246; x_wconf 89' lang='lat' dir='ltr'>estin</span> <span class='ocrx_word' id='word_1_480' title='bbox 2353 4194 2452 4245; x_wconf 82' lang='lat' dir='ltr'>Co-</span> 
     </span>
     <span class='ocr_line' id='line_1_102' title="bbox 1383 4274 2454 4335; baseline -0.012 -1"><span class='ocrx_word' id='word_1_481' title='bbox 1383 4284 1504 4334; x_wconf 87' lang='lat' dir='ltr'>dice</span> <span class='ocrx_word' id='word_1_482' title='bbox 1562 4281 1807 4335; x_wconf 75' lang='lat' dir='ltr'>Matthiae</span> <span class='ocrx_word' id='word_1_483' title='bbox 1873 4276 2101 4329; x_wconf 87' lang='lat' dir='ltr'>Corvini.</span> <span class='ocrx_word' id='word_1_484' title='bbox 2175 4274 2454 4324; x_wconf 68' lang='lat' dir='ltr'>Rhenanus.</span> 
     </span>
     <span class='ocr_line' id='line_1_103' title="bbox 1385 4352 2459 4421; baseline -0.013 -2"><span class='ocrx_word' id='word_1_485' title='bbox 1385 4358 1710 4419; x_wconf 83' lang='lat' dir='ltr'>Pontificalis</span> <span class='ocrx_word' id='word_1_486' title='bbox 1764 4358 1898 4413; x_wconf 83' lang='lat' dir='ltr'>liber</span> <span class='ocrx_word' id='word_1_487' title='bbox 1953 4354 2115 4407; x_wconf 88' lang='lat' dir='ltr'>habet</span> <span class='ocrx_word' id='word_1_488' title='bbox 2170 4352 2421 4421; x_wconf 70' lang='lat' dir='ltr'>Optionun</span> <span class='ocrx_word' id='word_1_489' title='bbox 2431 4362 2459 4413; x_wconf 73' lang='lat' dir='ltr'>t,</span> 
     </span>
    </p>
   </div>
  </div>
 </body>
</html>
