3009 4942
755 421 904 471 ms.
952 420 1052 472 ιν.
1100 422 1264 474 car.
1305 407 1415 472 69.
1444 422 1803 473 ms'ronu
1822 425 2002 474 aum.

276 566 606 623 Britanniam
628 565 813 617 niseus
832 565 991 622 fuerit
1009 564 1182 632 (ἄρξων
1194 572 1341 630 Bm-

274 642 482 709 molas),
496 645 627 695 etin
649 645 835 697 itinere
858 645 1036 694 andita
1057 645 1341 694 Germano·

273 734 391 781 rum
413 728 468 771 et
489 721 756 771 Gallorum
780 721 1036 771 seditione
1073 736 1338 785 composu-

275 797 380 849 erit
400 799 613 848 animos.
648 799 799 849 Sata.

339 878 512 940 Arrio]
561 877 645 926 Ita
664 891 869 940 semper
890 875 944 924 in
966 875 1108 925 Flor.
1132 875 1339 937 legitur,

272 967 398 1015 non,
420 955 558 1020 Ario,
586 963 647 1004 ut
683 955 735 1002 in
760 952 983 1017 vulgatis
1014 959 1070 1000 et
1105 967 1136 999 a
1155 951 1337 1000 Tacito

270 1029 389 1093 ipso
408 1045 547 1095 saepe
572 1031 754 1081 eodem
792 1029 998 1080 nomine
1029 1029 1336 1092 appellatur.

267 1106 504 1157 Pisaeum

333 1185 618 1235 Arretinum
638 1183 944 1247 Clementem]
975 1182 1334 1244 Scribendum,

267 1260 568 1324 Arricinum,
621 1276 687 1311 ex
739 1261 949 1325 antiqua
1001 1260 1335 1323 inscriptione

268 1351 428 1401 quam
449 1337 676 1387 vidimus
708 1336 832 1386 olim
867 1337 920 1384 in
952 1335 1152 1385 schedis
1194 1334 1333 1397 apud

267 1412 618 1464 Benedictum
693 1411 910 1476 AEgium·
993 1411 1337 1475 Spoletinum,

269 1488 423 1539 Rom.
446 1488 776 1554 antiquitatis
792 1490 962 1539 virum
984 1491 1261 1553 curiosum,
1279 1498 1336 1540 et

265 1561 350 1613 ita
370 1566 747 1616 emendandum
770 1566 909 1629 apud
941 1565 1155 1617 Sueten.
1175 1569 1333 1616 Dum.

267 1643 352 1690 11.
396 1641 558 1692 Ursin.
1309 1669 1315 1675 ·

334 1715 525 1766 Latum
544 1719 775 1771 militibus
798 1720 984 1783 nomen]
1015 1722 1079 1770 In
1097 1722 1200 1770 Ms.
1214 1722 1333 1772 cod.

264 1800 364 1856 est,
388 1794 465 1844 ide
486 1811 667 1846 nomen.
720 1798 963 1847 Fortasse
981 1798 1332 1862 scribendum,

263 1872 322 1921 id
341 1887 522 1922 nomen.
558 1875 792 1925 Rhenan.

335 1950 630 2013 Quamquam
660 1952 903 2002 Senatorii
958 1953 1159 2016 ordinis]
1213 1953 1243 1982 ⁴¹*
1267 1954 1331 2003 ab

235 2042 250 2055 ‘
264 2028 447 2093 equite
470 2030 702 2081 Romano
720 2032 1164 2081 administratam!
1228 2033 1332 2083 Oc-

264 2105 412 2155 culte
439 2106 729 2157 adsentitur
772 2110 969 2159 Plinius
1009 2109 1329 2160 Praefatione

262 2183 472 2245 operis:
507 2184 522 2210 ‘
548 2185 694 2234 Dum⁴
723 2186 850 2236 illud
883 2187 1021 2249 patri
1045 2189 1244 2251 pariter
1276 2196 1331 2238 et

262 2261 500 2323 equestri
533 2263 700 2312 ordini
757 2272 992 2327 praestas,
1041 2266 1331 2317 Praefectus

261 2337 518 2400 proetorio
537 2340 686 2403 ejus.’
738 2343 933 2392 Tamen
959 2351 1140 2395 nester
1158 2347 1330 2409 palam

260 2411 506 2464 adfirmat
523 2417 843 2468 Clementem
861 2421 998 2470 hunc
1013 2422 1332 2486 Arretinum,

259 2499 319 2542 et
360 2491 680 2544 Praefectum
721 2503 776 2545 et
816 2499 1116 2548 Senatorem
1156 2498 1331 2550 fuisse.

259 2567 420 2620 Adde
462 2586 576 2637 quae
616 2575 794 2624 notavi
845 2575 910 2624 ad
965 2576 1000 2627 l.
1045 2590 1122 2627 lv,
1154 2592 1328 2642 supra.

324 2723 489 2788 Atque
538 2727 710 2789 ipsum,
772 2744 1033 2793 quanquam
1087 2730 1331 2780 &anterii

257 2803 463 2865 ordinis,
495 2807 559 2854 ad
592 2806 813 2869 utraque]
866 2808 1109 2871 Pugnare
1146 2809 1327 2858 isthaec

258 2894 382 2929 cum
426 2881 757 2932 Suetonianis
795 2890 851 2934 et
888 2884 1160 2948 Plinianis,
1194 2885 1327 2935 bene

257 2958 464 3008 monuit
501 2960 749 3009 diser-tiss.
786 2960 1013 3023 Lipsius,
1051 2976 1178 3024 quos
1222 2975 1325 3009 non

257 3041 458 3097 purgat
489 3037 676 3101 cnlpae.
744 3038 902 3087 Facio
924 3052 1037 3102 ego,
1057 3039 1145 3103 qui
1162 3043 1329 3087 testor

258 3118 472 3161 exstare
511 3113 562 3162 in
602 3114 727 3165 edit.
744 3116 892 3164 Rom.
916 3116 1168 3179 principe,
1188 3120 1328 3179 atque

255 3187 417 3251 ipsum
450 3192 788 3254 mammen.
823 3206 889 3239 ex
914 3207 1016 3256 qua
1051 3198 1219 3255 patet,
1254 3193 1327 3240 al-

257 3270 430 3313 tetam
443 3266 721 3315 lectionem
733 3275 1137 3329 controversam,
1157 3283 1327 3332 neque

255 3341 548 3391 secundum
594 3358 706 3391 eam
754 3345 931 3395 statim
987 3344 1328 3407 pronuncian-

257 3419 388 3469 dum
402 3421 585 3484 judici.
653 3423 795 3475 Quid
817 3430 992 3471 antem
1014 3422 1099 3470 hic
1120 3421 1327 3483 proprie

256 3497 412 3559 velit,
456 3514 552 3562 per
608 3502 871 3563 angustias
922 3497 1178 3561 temporis*
1227 3510 1327 3546 non

255 3575 390 3624 licet
433 3586 707 3640 exputare,
751 3584 806 3626 et
857 3576 1004 3626 satis-
1035 3579 1137 3635 est,
1177 3580 1327 3622 reatu

254 3652 447 3702 saltem
468 3652 724 3701 distulisse
744 3652 946 3702 Tacito.
982 3652 1182 3700 Gruter.

323 3731 645 3780 Assumuntur
683 3731 718 3780 'e
771 3732 965 3779 civitate
1036 3729 1327 3777 clarissimus

255 3807 478 3872 quisque]
542 3807 665 3856 Scil.
690 3823 757 3856 ex
787 3806 1039 3870 suspectis
1063 3805 1327 3865 Muciano,

257 3900 391 3952 qnos
431 3887 517 3935 ille
563 3887 767 3934 honoris
808 3884 981 3948 specie
1022 3882 1086 3930 ad
1135 3882 1324 3931 bellum

256 3965 525 4015 Gallicum
546 3964 841 4026 ablegabat.
878 3961 1111 4011 Pichena.

233 4092 238 4097 .
330 4041 559 4104 Legiones
582 4040 801 4089 victrices
822 4053 897 4087 vr.
923 4043 969 4087 et
993 4036 1183 4098 xvim]
1224 4038 1324 4087 Be-

256 4134 327 4169 ne
365 4118 765 4178 Savilius,Sexta
804 4120 850 4164 et
884 4120 1074 4163 octava:
1106 4121 1163 4164 et
1184 4130 1325 4175 mox,

256 4209 338 4246 vt.
373 4200 500 4244 etx.
542 4210 606 4243 ex
643 4194 901 4257 Hispania.
950 4193 1176 4241 Mercer.
1245 4191 1326 4240 Ex

255 4271 490 4323 historiae
512 4271 613 4320 fide
651 4269 920 4319 admonuit
941 4269 1211 4317 Mer-cerus
1245 4281 1327 4316 re·

252 4348 749 4402 sumendum-nat
782 4352 906 4397 vm.
973 4345 1125 4396 Idem
1160 4340 1329 4395 innuit

2303 410 2476 482 4301

1416 566 1557 615 Flor.
1576 566 1628 615 in
1652 580 1754 632 quo
1776 568 2023 631 corrupte
2044 568 2256 632 legitur,
2274 570 2480 633 legiones

1412 644 1630 695 victrioes
1648 645 1761 696 vim.
1789 658 1867 694 xl.
1884 661 2004 697 vm.
2030 646 2277 697 Pichena.
2311 648 2478 699 Immo

1421 736 1544 770 vero
1568 722 1718 771 Sexta
1739 728 1786 771 et
1810 728 1989 772 octena.
2058 724 2274 773 Casuum
2300 725 2477 775 discri-

1413 814 1529 855 men
1559 802 1879 850 sustulerunt
1918 809 2076 862 notae,
2099 816 2211 865 quw.
2238 801 2480 852 videntur

1411 873 1573 924 fuisse
1596 878 1649 924 in
1674 877 1814 925 libris
1843 877 1941 925 Ms.
1968 890 2047 925 vr.
2069 881 2117 924 et
2137 890 2279 926 vnn·
2305 877 2474 927 Frein-

1409 951 1552 1001 sltem.

1479 1031 1644 1079 Tertia
1691 1047 1747 1080 ac
1793 1030 1974 1094 prima]
2023 1031 2260 1079 Savillius
2305 1031 2434 1095 legit
2458 1048 2473 1081 ε

1410 1105 1562 1156 Sexta
1590 1125 1646 1156 ac
1679 1109 1877 1158 dcem.
1949 1109 2083 1156 Nam
2123 1123 2277 1172 supra
2311 1109 2385 1157 sic
2419 1110 2476 1158 in

1412 1182 1664 1247 Hispania
1700 1185 1990 1233 collocavit.
2054 1185 2247 1233 Tamen
2272 1191 2326 1233 et
2350 1186 2478 1234 Ter-

1410 1261 1481 1308 tia
1519 1261 1587 1308 ibi
1628 1260 1745 1321 fuit,
1767 1269 1823 1310 et
1860 1261 2133 1310 diuturna:
2180 1275 2279 1309 nec
2324 1262 2476 1310 aliam

1410 1352 1644 1387 caussam
1670 1339 1911 1400 arbitror,
1945 1353 2036 1386 cur
2060 1338 2279 1400 Hispani
2301 1338 2474 1409 bodie7

1407 1430 1508 1479 que
1550 1417 1774 1479 legiones
1814 1431 1932 1464 suas
1968 1415 2152 1464 Tertius
2189 1416 2471 1479 appellent.

1406 1493 1616 1555 Lipsius.
2292 1492 2301 1500 ⁸

1471 1582 1552 1618 vr.
1577 1575 1624 1618 et
1650 1583 1701 1618 x.
1728 1584 1790 1619 ex
1815 1569 2056 1632 Hispania
2077 1568 2266 1631 accitoe]
2315 1568 2472 1618 Hunc

1407 1647 1566 1696 etiam
1621 1649 1885 1710 legionum
1969 1658 2236 1695 numerum
2324 1654 2471 1703 recte

1405 1725 1700 1775 emendavit
1736 1726 1972 1774 Savillius
1998 1724 2215 1787 Anglus,
2236 1730 2296 1773 nt
2333 1723 2472 1772 idem

1407 1801 1677 1851 Mercerus
1698 1808 1939 1853 testatur.
2005 1801 2169 1849 Immo
2192 1799 2303 1863 ipse
2322 1798 2471 1848 Taci-

1406 1887 1491 1928 tus
1548 1893 1636 1928 eas
1691 1880 1767 1929 sic
1824 1878 2056 1943 appellat
2104 1876 2197 1927 lib.
2237 1875 2470 1941 praeced.

1405 1956 1632 2005 Pichena.

1469 2033 1602 2091 QAP.
1647 2037 1731 2082 69.
1792 2034 1927 2082 Unde
1981 2031 2054 2080 tis
2101 2029 2470 2094 auspiciumque]

1405 2109 1537 2172 Nos,
1556 2110 1774 2168 undejus
1789 2125 1920 2172 cusp.
1956 2110 2190 2158 Rhe-nan.

1470 2186 1571 2234 Per
1593 2186 1766 2247 jurgia
1784 2186 2110 2248 jactantibus]
2142 2184 2348 2248 Sumpsi
2365 2185 2470 2234 lec-

1406 2262 1596 2311 tionem
1621 2279 1649 2311 a
1674 2263 1738 2311 P.
1765 2264 2031 2311 Manutio:
2055 2262 2140 2325 qui
2166 2261 2330 2311 amice
2347 2261 2472 2311 mihi

1404 2339 1458 2387 in
1498 2339 1852 2402 pomeridiano
1892 2354 2125 2388 sermone
2166 2337 2471 2389 contribuit.

1406 2408 1544 2465 N'am
1563 2418 1716 2481 vulgo
1734 2424 1829 2480 est,
1843 2418 2138 2480 perjuriaque
2146 2415 2473 2478 jactantibus..-

1404 2494 1455 2542 in
1478 2508 1702 2544 manuss.
1737 2495 1948 2558 periuria
1972 2494 2297 2554 jactantibus.-
2315 2493 2471 2558 ⁴quod

1377 2571 1761 2621 ,Manutianam
1845 2571 2200 2633 conjecturam
2280 2567 2469 2618 firmat.

1404 2648 1637 2698 Romano
1661 2656 1837 2698 tamen
1854 2648 1988 2697 libro
2011 2653 2114 2707 est,
2136 2660 2228 2708 pro
2236 2643 2469 2705 ‚inv-ejac-

1403 2727 1639 2776 tantibus:
1661 2726 1798 2791 quod
1820 2726 2058 2789 rejicere,
2082 2721 2327 2786 injurium
2344 2734 2473 2771 sane¹

1403 2804 1489 2853 sit.
1524 2803 1732 2866 Lipsius.

1467 2879 1780 2943 Perj'uriaque
1787 2878 2106 2941 jactantibus]
2140 2875 2374 2926 Doctiss.
2392 2874 2473 2945 vir

1402 2956 1575 3005 verbis
1616 2957 1682 3007 P.
1701 2958 1927 3006 Manutii
1960 2972 2048 3020 per
2077 2953 2271 3016 jurgia.
2338 2952 2470 3003 Eam

1403 3033 1755 3095 conjecturam
1780 3033 1939 3100 (bona
1960 3032 2242 3082 venditoris
2277 3027 2470 3093 gratia)

1403 3109 1654 3160 titivilitio
1692 3126 1796 3166 non
1836 3111 2068 3160 emerim.
2135 3108 2367 3172 Quisque
2413 3106 2468 3157 id

1404 3185 1727 3251 proferebat,
1766 3202 1868 3252 quo
1895 3188 2106 3238 rebatur
2129 3201 2184 3236 se
2205 3187 2380 3235 valere
2404 3185 2470 3234 ad

1403 3262 1740 3323 obtinendum
1765 3265 2115 3327 principatum
2134 3280 2149 3324 ;
2186 3277 2304 3327 pars
2326 3276 2382 3310 se
2404 3275 2468 3312 eo

1404 3338 1588 3401 dignos
1610 3340 1894 3402 ducebant,
1930 3339 2066 3403 quod
2107 3339 2282 3386 multis
2305 3337 2468 3386 foede·

1403 3414 1548 3463 ribus
1570 3422 1745 3465 essent
1776 3416 1989 3465 muniti:
2036 3410 2269 3478 plerique
2288 3426 2467 3463 recen-

1403 3491 1589 3540 sebant
1612 3493 1747 3541 vires
1768 3500 1827 3541 et
1848 3508 1974 3557 opes
1994 3510 2008 3541 :
2053 3492 2283 3540 nonnulli
2312 3489 2469 3553 origi·

1373 3610 1382 3619 .
1404 3567 1483 3615 nis
1502 3576 1834 3619 vetustatem.
1900 3568 2123 3622 Quidam
2140 3582 2147 3593 ·
2164 3567 2468 3617 rebelliones

1405 3643 1650 3694 adversus
1720 3647 1996 3707 Romanos,
2059 3644 2208 3709 quasi
2284 3643 2471 3693 merito

1404 3723 1648 3786 princeps
1694 3724 1784 3773 ille
1821 3725 2044 3787 populus
2083 3736 2194 3771 esse
2229 3720 2469 3780 deheret,

1404 3799 1491 3861 qui
1546 3799 1791 3850 adversus
1847 3801 2102 3851 Romanos
2152 3811 2255 3844 non
2309 3795 2470 3843 semel

1403 3873 1712 3939 foedifragus
1776 3874 2184 3925 misericordiam
2259 3869 2468 3939 penitus

1402 3955 1788 4003 consumsisset.
1875 3953 2009 4001 Haec
2084 3948 2264 3997 ultima
2320 3951 2470 3995 certe

1399 4030 1541 4090 apud
1566 4031 1852 4080 Germanos
1894 4026 2176 4091 potentiam
2215 4021 2468 4085 imprimis

1401 4100 1761 4155 conciliabanf.
1827 4106 2063 4156 Quanam
2099 4100 2234 4149 enim
2272 4097 2378 4146 alia
2399 4097 2467 4147 de

1402 4195 1554 4228 causa
1573 4182 1751 4229 Civilis
1777 4180 2092 4242 gloriabatur
2106 4176 2329 4238 majores
2349 4186 2468 4223 suos

1401 4256 1579 4305 hostes
1619 4258 1805 4321 populi¹
1842 4258 1993 4307 Rom.
2029 4253 2225 4304 fuisse?
2257 4251 2407 4315 ‘ipse
2436 4265 2466 4300 e

1401 4333 1685 4398 majoribus
1726 4334 1831 4385 suis
1882 4333 2043 4391 hostis
2095 4330 2275 4398 populi
2314 4329 2466 4383 Rom.
