3009 4942
1055 446 1358 495 nmmo.
1407 447 1575 496 cAr.
1617 422 1786 498 ·12.'

288 571 544 641 sibisnst,
573 586 688 621 cum
713 572 825 637 jam
849 572 1042 623 dixerit
1069 573 1195 625 hinc.
1246 573 1351 625 Sed

289 651 424 701 bene
467 651 644 700 habet.
717 652 905 715 Neque
961 651 1131 712 deest,
1186 667 1353 717 neque

288 736 527 791 superest
583 727 876 792 quidquam.
962 729 1044 777 Ex
1087 730 1185 779 hoc
1242 731 1353 794 ipso

222 818 225 823 ·
288 804 428 870 quod
445 802 758 868 superfluere
779 806 1001 867 videtur,
1019 807 1354 870 explendum,

289 882 427 947 quod
445 882 731 932 desiderari
754 883 1080 933 manifestum
1106 891 1201 935 est.
1237 886 1354 935 Mu-

291 965 364 1016 ta,
385 959 607 1021 existere,
645 966 701 1008 et
737 960 938 1010 scribe:
986 961 1096 1009 hine
1139 962 1354 1023 ingentes

288 1036 492 1085 existere
512 1051 744 1098 assensus,
779 1039 860 1100 &a
943 1037 1057 1087 Nec
1092 1037 1352 1086 dissimulo

289 1113 364 1162 sic
388 1119 447 1162 et
467 1114 732 1162 Muretum
756 1114 1065 1178 conjecisse.
1131 1115 1320 1164 Acidal.

354 1189 458 1239 Hie
477 1190 685 1251 ingentis
706 1206 766 1239 ex
788 1191 864 1239 his
900 1207 1132 1252 assensus,
1171 1191 1281 1240 hinc
1302 1190 1354 1239 in

287 1266 429 1331 ipsis]
468 1269 699 1316 Pithoeus
723 1275 778 1317 et
802 1268 1004 1330 Lipsius
1025 1269 1194 1317 locum
1216 1267 1354 1315 hunc

290 1345 538 1395 asterisco
562 1351 746 1393 notant
770 1346 916 1409 quasi
943 1343 1235 1414 defectum3
1263 1344 1352 1392 sed

290 1421 452 1481 nulla,
483 1421 535 1468 ni
563 1422 732 1484 fallor,
768 1430 941 1472 causa.
1005 1422 1217 1472 Scribe:
1255 1421 1358 1469 Hie

287 1490 506 1560 ingentes
527 1502 732 1550 excitari
762 1517 991 1564 assensus,
1023 1502 1100 1550 hie
1134 1501 1186 1549 in
1224 1501 1357 1564 ipsis,

287 1578 373 1640 &a
440 1577 642 1627 Plinius
665 1579 818 1643 epist.
845 1593 921 1629 ιν.
965 1581 980 1605 ‘
1001 1578 1244 1642 Disponit
1267 1577 1356 1642 qni

290 1653 536 1704 nuntient
573 1653 669 1705 sibi
703 1670 855 1720 quem
894 1669 1184 1715 assensum,
1225 1669 1357 1719 quos

290 1730 542 1781 clamores
582 1732 895 1784 excitarim!
963 1733 1137 1783 Possis
1163 1732 1354 1783 etiam:

289 1807 401 1856 hine
435 1809 650 1873 ingentes
687 1812 891 1861 existere
921 1826 1150 1862 assensus.
1200 1811 1358 1860 Schea

289 1884 409 1935 lius.

357 1961 492 2011 Hinc
512 1963 727 2026 ingentes
756 1981 817 2015 ex
849 1966 925 2014 his
944 1963 1176 2028 assensus]
1240 1965 1360 2015 Pta-

285 2044 377 2086 cet
412 2036 638 2089 Acidalii
676 2042 901 2092 existere.
967 2043 1069 2092 Sed
1110 2042 1247 2106 quod
1285 2056 1361 2089 se·

289 2113 486 2178 quitur,
524 2116 705 2166 mirum
747 2125 827 2167 est
865 2118 1120 2167 neminem
1155 2125 1361 2167 notasse

291 2190 651 2242 scribendum:
709 2194 807 2243 hoee
841 2195 893 2243 in
941 2194 1060 2258 ipsis
1110 2194 1362 2243 auditoriis

284 2269 529 2330 praecipue
548 2270 754 2333 laudari,
772 2277 818 2321 et
836 2288 947 2322 mox
969 2274 1174 2321 omnium
1188 2287 1360 2320 sermo-

290 2343 431 2394 nibus
446 2344 596 2405 ferri.
633 2345 863 2397 Gronov.

358 2422 423 2473 In
442 2421 608 2485 quibus
628 2424 862 2486 expressis
894 2423 937 2472 si
961 2425 1144 2488 quando
1181 2438 1362 2473 necesse

290 2497 382 2560 sit]
424 2499 554 2549 *Pro
578 2500 656 2550 his
681 2501 850 2550 verbis
894 2501 1150 2551 fortasse:
1188 2502 1237 2550 in
1258 2501 1361 2564 qui-

291 2576 378 2627 bus
396 2577 631 2640 expressit
651 2579 693 2626 si
724 2581 905 2642 quando
935 2579 1202 2628 necessitas.
1238 2578 1360 2641 Lip-

294 2648 419 2703 sius.
484 2655 681 2703 Vocem
705 2656 936 2718 expressis
957 2670 1058 2704 non
1102 2654 1249 2720 capio
1285 2670 1362 2703 sa·

294 2728 380 2789 tis,
404 2745 502 2779 nec
528 2730 650 2795 quid
676 2745 739 2779 ea
776 2730 986 2793 faciam,
1019 2732 1146 2781 scie.
1183 2731 1361 2780 Acida-

291 2806 403 2854 lius.
472 2805 749 2855 Assentior
789 2806 964 2870 Lipsio
985 2807 1183 2870 legenti
1206 2821 1361 2856 neees-

289 2883 413 2934 sitas
432 2888 678 2949 expressit.
713 2887 842 2950 Cap.
870 2891 946 2937 11.
983 2889 998 2915 ‘
1026 2887 1251 2951 Paravi,'
1286 2887 1362 2936 in-

295 2964 429 3029 quit,
463 2965 479 2991 ‘
504 2979 586 3013 me
627 2979 726 3014 non
775 2965 941 3013 miuus
984 2966 1073 3014 din
1114 2979 1362 3014 accusare

296 3047 537 3089 oratores
563 3056 713 3105 quam
737 3040 883 3105 Aper
905 3040 1120 3092 laudat!
1139 3041 1363 3105 Lipsius,

294 3120 536 3170 Laudare.
569 3121 895 3186 scripserim,
927 3121 1183 3171 Laudavit.
1206 3121 1361 3170 Sche-

293 3197 414 3248 lius.

365 3272 501 3322 cn.
529 3277 608 3323 11.
659 3274 851 3324 Intento
890 3276 995 3340 ore]
1060 3274 1261 3324 Dubito
1299 3287 1365 3325 an

257 3395 266 3404 ,
296 3350 493 3414 potius,
514 3352 756 3400 intentior.
791 3351 998 3401 Acidal.

364 3438 498 3501 Aper
533 3438 718 3501 laudat]
784 3441 966 3501 Forte,
1010 3439 1241 3500 laudavit,
1279 3437 1363 3486 vel

295 3516 509 3569 laruam-e.
575 3517 691 3566 Nec
722 3523 894 3565 tamen
939 3515 1217 3582 quidquam
1251 3514 1364 3564 fere

295 3591 537 3643 interest.
601 3593 751 3641 Idem.

364 3671 694 3719 Prosterneret
726 3673 831 3718 arte
863 3667 1098 3732 quadam]
1155 3666 1367 3718 Leviter

297 3748 419 3797 haec.
460 3746 625 3806 hiant,
663 3761 780 3810 quae
824 3746 899 3795 ita
933 3743 1087 3794 facile
1132 3744 1362 3793 sarcias:

293 3827 647 3888 prosterneret:
693 3822 747 3871 id
797 3831 907 3871 arte
948 3823 1151 3884 quadam
1205 3820 1368 3881 mitig.

302 3901 550 3949 Ceterum
595 3901 884 3948 detractaret
929 3897 1026 3947 hoc
1077 3895 1366 3960 significatu

303 3977 464 4026 etiam
488 3973 656 4024 infra:
691 3974 708 4001 ⁶
729 3975 884 4023 Nunc
922 3974 1244 4024 detrectasse
1279 3987 1369 4019 no-

301 4052 536 4103 minatim
552 4052 789 4116 antiquos
806 4058 1042 4100 auctores
1057 4048 1370 4099 contentus?

302 4114 444 4179 Iteni
463 4145 476 4178 :
511 4128 527 4156 ‘
545 4129 719 4192 piures
739 4127 890 4177 hodie
915 4128 1162 4190 reperies,
1180 4128 1266 4192 qui
1287 4126 1370 4175 Ci-

303 4206 511 4256 ceronis
527 4206 757 4269 glorium,
776 4220 925 4270 quam
937 4205 1144 4269 Virgilii
1169 4206 1372 4254 detrac-

305 4283 459 4335 tent!
491 4283 636 4333 Alias
658 4283 921 4331 obtrectare
943 4298 1037 4346 pro
1060 4284 1242 4333 eodem
1263 4283 1371 4331 vul-

307 4362 498 4431 gatius.
564 4361 702 4412 Item
724 4361 808 4411 hic
832 4358 998 4412 infra:
1032 4361 1048 4389 ⁴
1076 4360 1213 4412 Nam
1233 4359 1373 4427 quod

2320 436 2499 503 4429

1427 575 1651 626 invicem
1690 592 1745 626 se
1785 576 2250 629 obtrectaverunt!
2311 580 2384 629 Et
2402 581 2498 631 Ta·

1429 654 1520 703 cit.
1555 653 1694 703 Ann.
1716 669 1757 704 1.
1781 660 1863 707 17.
1897 657 1912 683 ‘
1938 657 2057 705 Non
2085 656 2369 706 obtrectari
2393 671 2496 708 ase

1428 731 1651 781 urbanas
1676 732 1957 782 excubias?
1994 728 2138 784 Idem.

1496 808 1916 872 Ingredifamam]
1981 810 2225 860 Tacitus:
2261 810 2497 862 ‘Primas

1429 885 1725 936 dominandi
1762 902 1882 951 spes
1920 887 1974 936 in
2010 888 2171 937 arduo
2192 889 2278 938 ubi
2318 890 2387 938 sis
2421 890 2499 940 in·

1429 979 1633 1028 gressus
1665 965 1845 1014 adesse
1889 965 2062 1014 studia
2100 971 2155 1014 et
2200 965 2500 1016 ministros!

1428 1040 1664 1091 Schelius.
2076 1054 2082 1061 ·

1495 1118 1835 1190 Improbamsset
1863 1119 2126 1168 studiorum
2157 1134 2329 1183 quoque
2361 1134 2502 1169 sacra

1423 1196 1754 1260 profanantem
1801 1196 2041 1259 vaticinii]
2136 1197 2499 1260 Scribendum,

1428 1290 1533 1323 cum
1557 1276 1608 1323 in
1626 1276 1815 1325 Nerone
1834 1277 2143 1341 improbatam
2166 1280 2211 1324 et
2234 1276 2499 1325 studiorum

1428 1367 1602 1416 quoque
1654 1367 1789 1402 sacra
1826 1353 2153 1416 profanantem
2202 1351 2385 1402 Vatinii
2413 1367 2497 1417 po·

1429 1430 1630 1478 tentiam·
1653 1429 1809 1494 fregi,
1829 1429 2049 1479 diximus
2074 1424 2294 1479 Observ.
2327 1443 2417 1479 1¹1.
2448 1433 2501 1478 4.

1434 1505 1718 1556 Gronovius.

1497 1584 1661 1634 Hodie
1691 1583 1901 1649 siquid]
1966 1585 2115 1634 Rom.
2156 1582 2302 1634 addit
2344 1597 2502 1651 copu7

1429 1661 1556 1721 lam,
1589 1668 1634 1711 et
1653 1663 1792 1712 hodie
1813 1679 1828 1712 :
1850 1667 2012 1712 recte.
2077 1659 2213 1726 Lip's.

1497 1738 1560 1788 In
1582 1738 1738 1803 nobis]
1803 1740 2041 1790 Detrahe
2076 1737 2501 1805 praepositionem

1431 1816 1500 1865 in.
1551 1815 1833 1868 Acidalius.

1500 1895 1572 1943 Et
1580 1894 1905 1958 frequentiam
1925 1892 2283 1961 salutationum]
2304 1892 2500 1953 Nescio

1435 1985 1500 2019 sn
1567 1971 1856 2035 scripserit,
1920 1970 2243 2020 salutantium.
2332 1969 2503 2032 Supra

1435 2045 1608 2110 Aper:
1643 2049 1658 2074 ‘
1682 2046 1824 2099 Quid
1848 2046 1983 2096 enim
2008 2045 2205 2094 dulcius
2241 2044 2407 2094 libero
2446 2051 2505 2094 et

1434 2125 1661 2189 ingenuo
1685 2126 1854 2173 animo
1889 2131 1945 2173 et
1978 2122 2044 2171 ad
2081 2123 2374 2185 voluptates
2410 2122 2503 2170 ho-

1435 2208 1604 2252 nestas
1622 2209 1767 2265 nato,
1788 2216 1941 2266 quam
1959 2199 2137 2249 videre
2157 2200 2358 2262 plenam
2374 2213 2505 2247 sem·

1436 2295 1532 2345 per
1564 2287 1619 2330 et
1645 2278 1973 2344 frequentem
2007 2276 2213 2325 domum
2251 2289 2505 2323 concursu

1435 2356 1966 2420 splendidissimorum
2007 2353 2266 2402 hominum
2286 2350 2323 2400 2’
2357 2351 2501 2401 Sche-

1434 2436 1540 2484 lius.

1502 2511 1657 2567 Quam
1678 2526 1775 2559 aera
1800 2514 1844 2560 et
1868 2511 2123 2575 imagines]
2156 2511 2322 2573 Lege:
2349 2509 2505 2564 Quam

1432 2588 1517 2636 illa
1534 2603 1648 2651 cera,
1664 2589 1743 2649 sc.
1782 2586 1983 2637 Acidal.

1497 2664 1688 2712 Statum
1711 2665 1934 2727 cujusque
1953 2679 2008 2715 ae
2030 2660 2353 2723 securitatem]
2389 2663 2505 2711 Ma-

1434 2745 1504 2803 lo,
1525 2747 1705 2791 statam
1727 2741 1972 2804 hucusque.
2038 2743 2121 2790 De
2144 2755 2200 2789 se
2240 2739 2469 2803 loquitur
2488 2754 2506 2795 ς

1435 2826 1490 2867 et
1512 2818 1792 2881 respondet
1819 2818 1895 2866 illi
1919 2816 2057 2880 parti
2078 2815 2288 2879 Aprinae
2313 2815 2506 2864 oratio·

1433 2897 1537 2958 nis,
1570 2912 1688 2962 quae
1709 2882 2053 2961 eloquentiam
2080 2894 2238 2943 telum
2264 2907 2377 2942 esse
2419 2907 2506 2942 vo·

1435 2973 1534 3023 luit
1558 2974 1621 3021 ad
1659 2972 1891 3036 pericula
1926 2971 2095 3019 omnia
2135 2967 2504 3034 propulsanda.

1434 3049 1646 3113 Lipsius.
1714 3046 1906 3112 Vulgo,
1922 3052 2074 3096 tueor.
2143 3045 2270 3095 Ideo
2302 3045 2507 3109 Lipsius

1435 3126 1796 3192 corrigendum
1824 3124 2046 3186 censuit,
2068 3124 2297 3186 hucusque
2317 3137 2412 3187 pro
2427 3139 2507 3188 auf

1422 3206 1610 3268 jusque.
1701 3203 1837 3252 Mihi
1884 3203 2047 3251 levior
2091 3202 2312 3249 mutatio
2376 3200 2509 3261 visa,

1437 3286 1621 3343 tuetur,
1658 3287 1712 3329 et
1759 3280 2017 3329 sententia
2053 3277 2275 3327 fortasse
2295 3276 2510 3341 expedi·

1439 3357 1667 3409 tior:,ut
1690 3356 1974 3417 innocentia,
1995 3361 2048 3403 et
2084 3352 2366 3416 eloquentia,
2402 3352 2508 3413 sint

1441 3434 1604 3497 primo
1629 3448 1767 3481 casu.
1799 3433 1941 3497 Pieli.

1508 3511 1641 3561 CAP.
1668 3516 1747 3560 12.
1785 3507 1893 3577 Hoc
1922 3509 2130 3573 primum
2168 3508 2332 3560 habitu
2354 3508 2509 3556 cultu-

1440 3604 1528 3654 que
1548 3590 1781 3638 commoda
1801 3586 2099 3650 mortalibus]
2136 3587 2389 3635 Commoda
2407 3598 2514 3635 non

1441 3667 1570 3718 satis
1605 3674 1803 3729 aptum.
1872 3666 1942 3715 Et
1974 3681 2041 3715 ex
2082 3667 2246 3714 altera
2284 3663 2511 3713 lectione

1440 3747 1749 3806 commodata,
1777 3741 2078 3792 facillimum
2096 3740 2373 3791 emendare
2387 3753 2509 3787 eom·

1441 3824 1680 3884 mendata,
1704 3831 1758 3870 ut
1781 3822 1980 3870 censuit
2002 3827 2057 3869 et
2086 3820 2341 3868 Muretus.
2393 3815 2510 3885 Aci7

1442 3899 1538 3949 dal.
1604 3899 1762 3948 Forte
1787 3898 1978 3947 rectius
2001 3897 2304 3944 commodata.
2376 3893 2511 3959 Vult

1443 3975 1793 4040 eloquentiam
1856 3973 2012 4022 etiam
2056 3970 2247 4044 nomini
2306 3969 2512 4037 caelitus

1442 4052 1689 4101 utendam
1728 4050 1916 4100 datam.
1951 4047 2173 4098 Freinsli.
2239 4044 2509 4095 Adscribi·

1444 4136 1530 4179 tur
1555 4131 1605 4178 in
1628 4129 1858 4191 margine
1885 4127 2028 4190 Lips.
2053 4117 2386 4175 'commodatae
2411 4124 2514 4185 veh

1441 4211 1620 4256 comta:
1653 4208 1790 4268 lege,
1811 4205 2147 4254 commendata.
2184 4201 2310 4250 Fab.
2333 4203 2367 4250 l.
2386 4213 2512 4265 vm.

1445 4287 1544 4337 ὅτε.
1580 4282 1610 4312 *
1643 4281 1787 4332 Infra
1824 4289 2027 4331 noster:
2075 4281 2266 4344 ‘Ipsos
2307 4287 2513 4353 quoque

1445 4373 1635 4410 nervos
1658 4357 1818 4409 rubor
1832 4358 1983 4424 tegit,
2000 4371 2060 4407 ac
2079 4355 2243 4406 decor
2261 4368 2516 4427 commen·
