3009 4942
734 454 884 509 ms.
933 456 1045 510 ιιι.
1091 458 1256 509 cnr.
1297 443 1408 512 24.
1457 459 2016 513 ms‘romARUM.

283 597 497 653 driu-ntis
515 600 622 653 vidi
637 617 753 653 cum
771 603 1228 668 interpretatione,
1251 618 1353 668 qua

282 679 578 729 ostenditur
628 680 849 744 sagittas
895 696 959 729 ex
1014 695 1081 730 ea
1124 688 1352 745 coeptum

280 752 443 807 fuisse
454 756 693 820 jaculari.
727 758 962 809 Ateium.
1012 759 1351 823 Veget.1.1v.

269 844 335 882 ·c.
353 836 439 883 22.
475 834 700 885 ‘balista
721 833 928 885 funibus
951 836 1176 885 nervinis
1201 836 1351 885 chor-

277 907 467 973 disque
492 910 740 973 tenditur,
775 925 889 975 quae
927 918 1123 976 quanto
1158 912 1350 975 prolix·

277 986 394 1036 iota
415 988 697 1051 brachiola,
731 995 880 1039 tanto
915 986 1116 1053 spicula
1147 991 1350 1054 longius

281 1065 500 1127 emittit,
517 1072 573 1116 et
588 1069 628 1114 si
639 1067 797 1130 juxta
816 1073 981 1117 artem
999 1067 1351 1117 mechanicam

280 1146 629 1206 temperetur,
666 1150 722 1194 et
759 1145 827 1195 ab
860 1145 1161 1195 exercitatis
1192 1144 1351 1195 homi-

276 1218 454 1282 nibus,
476 1221 564 1284 qui
596 1235 887 1272 mensuram
918 1224 1028 1286 ejus
1051 1228 1173 1273 ante
1195 1223 1351 1273 colle·

277 1294 473 1358 gerint,
513 1295 784 1360 dirigatur,
812 1302 1055 1361 penetrat
1087 1297 1351 1361 quodcun-

281 1385 387 1436 que
406 1373 764 1435 percusserit?
831 1374 1195 1425 Ictus-balistae
1212 1388 1352 1438 mag-

278 1461 401 1496 nam
422 1449 541 1498 valli
575 1457 779 1514 partem
818 1451 870 1500 in
909 1452 1099 1501 castris
1137 1450 1203 1500 ad
1228 1450 1353 1500 Cre·

278 1532 486 1576 monam
508 1527 719 1592 dejecit.
753 1528 983 1578 Servilius.
1017 1528 1161 1578 Male
1179 1529 1353 1592 vulgo,

277 1608 469 1666 qaurtoe
502 1606 713 1667 decime,
752 1607 889 1670 quod
925 1607 1129 1670 Lipsius
1160 1620 1226 1655 ex
1248 1606 1350 1654 his-

278 1680 419 1730 toria
470 1681 878 1735 animadvertit:
929 1682 1050 1732 ideo
1108 1681 1350 1731 emenda-

281 1758 466 1809 vimus.
502 1760 731 1810 Pichena.

366 1835 677 1888 Librameata
741 1837 1100 1902 moram]
1186 1834 1350 1900 Atqui

253 1930 256 1935 ·
279 1903 434 1962 unius
456 1913 725 1975 tormenti,
748 1913 858 1962 sive
878 1913 1134 1975 Ballistae,
1154 1914 1350 1962 mentio

279 1997 381 2040 est.
448 1992 605 2055 Ergo,
640 1996 872 2040 tomento
911 1995 1013 2040 m
1048 1991 1226 2042 abacia.
1258 1995 1351 2039 aut

279 2072 425 2130 ante,
463 2066 704 2129 Bauium,
738 2067 1035 2131 legendum,
1073 2074 1131 2117 et
1158 2081 1351 2131 prorue—

280 2140 413 2192 bant.
444 2143 669 2208 lipsius.

345 2221 538 2271 Neutro
547 2219 1004 2288 inofficiosas-tana]
1024 2222 1350 2288 scripsimus,

277 2302 448 2347 neutro
467 2298 728 2348 inclinabat
736 2298 955 2360 soum.
989 2300 1284 2350 Rhenanus.

345 2375 725 2439 Innasargeas]
757 2375 906 2426 Idem
942 2391 1008 2426 ex
1044 2377 1157 2440 pari
1191 2391 1350 2426 causa

281 2448 563 2502 effeetusin
574 2460 828 2503 nocturno
848 2454 1029 2517 proelio
1043 2454 1184 2503 inter
1197 2454 1351 2505 Pom-

280 2528 550 2592 peium-et
585 2528 943 2580 Mithridatem
980 2530 1118 2594 apud
1144 2532 1351 2582 Plutar-

281 2603 436 2654 chum
460 2612 517 2655 et
535 2606 782 2657 Dionem.
847 2600 951 2658 Sed
976 2607 1206 2671 epitome
1227 2609 1351 2657 Dio-

280 2679 364 2730 nis
407 2682 577 2732 variat
620 2682 853 2733 nonnihil
902 2683 1075 2733 Taciti
1118 2683 1349 2748 descrip-

279 2754 492 2808 tionem.
515 2757 546 2787 *
578 2757 819 2808 Suillius.

346 2832 510 2898 Falso,
524 2839 579 2887 ut
593 2833 648 2884 ia
666 2850 881 2900 corpora,
898 2835 1022 2899 iota]
1053 2837 1139 2887 Ita
1156 2852 1187 2887 e
1203 2837 1352 2888 libris

280 2910 637 2962 restituimus:
670 2927 769 2962 nec
799 2912 1110 2962 sententiam
1141 2911 1350 2964 difficile

281 2986 421 3051 capi,
435 3001 468 3036 e
483 2987 732 3037 similibus
750 2994 1021 3039 auctorum
1035 2989 1177 3039 locis.
1213 2991 1351 3040 Nam

278 3063 400 3114 haec
420 3062 562 3114 fraus
584 3064 695 3114 sive
718 3078 865 3115 error
888 3064 1015 3114 alias
1036 3080 1242 3131 quoque
1259 3066 1350 3116 ob·

269 3141 454 3207 jectan
493 3141 648 3192 hosti.
722 3141 1035 3192 Plutarchus
1080 3143 1351 3208 inpugna

281 3218 526 3284 Pompeii
548 3233 667 3269 cum
689 3218 1015 3270 Mithridate.
1055 3217 1087 3248 ¹*
1116 3219 1253 3283 Lips.

351 3296 508 3359 falso,
542 3301 597 3346 ut
633 3296 687 3345 ia
726 3311 941 3361 corpora,
975 3296 1099 3361 ictu]
1155 3297 1349 3348 Melius

279 3371 602 3437 senadors-tu.
626 3370 922 3423 Acidalia&

299 3466 304 3471 ·
349 3450 437 3499 Ex
456 3450 633 3500 occulto
643 3449 967 3512 ,iaculantibus
987 3449 1166 3498 incauti
1184 3448 1354 3513 offere-

281 3526 482 3592 baum]
521 3528 706 3581 vatic.
748 3527 911 3578 editio
966 3542 1069 3578 non
1115 3528 1353 3592 agnoscit

282 3619 469 3663 vocem
505 3604 722 3663 innatast,-
755 3611 814 3655 et
831 3618 957 3654 vero
980 3619 1099 3655 cum
1134 3616 1354 3668 praeces-

280 3681 434 3745 serit,
472 3696 535 3731 ex
553 3682 750 3746 occulto,
781 3681 907 3732 satis
945 3679 1352 3746 intelligebatur.

286 3761 547 3810 Grata-nas.

350 3837 489 3888 Car.
511 3840 595 3886 24.
651 3837 754 3886 Car
787 3837 891 3886 rari
925 3837 1218 3902 amassent]
1270 3838 1353 3887 Ex

282 3912 501 3963 historia
522 3920 579 3964 et
601 3913 882 3976 sententia,
900 3926 986 3962 car
1013 3915 1351 3966 renuntiasset.

285 3990 426 4040 Nam
469 3989 760 4039 Pannonici
804 3991 965 4039 semel
1008 3991 1156 4054 victi,
1211 4006 1355 4042 arma

277 4071 463 4117 tamen
484 4066 673 4116 iterum
696 4073 1007 4118 sumserant.
1039 4064 1175 4132 Lips.

354 4146 460 4195 Gur
473 4145 577 4193 rari
595 4143 923 4207 sumpsissent]
947 4144 1121 4210 -Alias,
1140 4163 1227 4197 car
1245 4162 1353 4196 ntr-

283 4234 382 4270 sas.
414 4220 705 4273 Ferrettus.
773 4217 980 4271 Armati
1018 4227 1074 4273 et
1112 4223 1356 4288 dispositi

282 4296 584 4349 Pannonici.
610 4296 803 4348 milites
849 4304 973 4349 tunc
1015 4306 1195 4354 erantz
1240 4302 1257 4333 ‘
1278 4299 1355 4351 At

285 4370 626 4433 vitellianus·
653 4373 939 4443 uescitur,
992 4376 1157 4445 tertia
1186 4377 1353 4429 ferme

1424 603 1592 652 noctis
1614 602 1757 665 hora,
1780 603 1976 669 paratis
1988 605 2202 670 jamque
2224 604 2489 669 dispositis

1425 680 1684 730 Flavianis
1709 682 2046 745 impingitur!
2094 682 2175 731 At·
2187 696 2284 732 non
2304 684 2486 734 eodem

1423 770 1659 818 numero,
1694 772 1795 823 quo
1824 758 1932 821 jam
1961 758 2196 807 Bedriaci
2230 766 2503 824 pugnave·'

1424 841 1542 883 rant
1563 848 1577 883 2
1614 835 1748 898 quod
1767 835 1874 884 illic
1893 850 1924 882 a
1940 835 2228 884 Vitellianis
2253 836 2486 900 plerique
2569 896 2584 912 .

1423 925 1602 961 eorum
1637 913 1760 962 caesi
1811 913 1940 962 sint:
1998 912 2014 939 ⁴
2038 911 2112 961 At
2149 913 2202 960 in
2225 912 2495 962 Pannonia

1421 1001 1548 1038 xm.
1586 989 1721 1052 legio
1744 1003 1805 1038 ac
1830 1001 1933 1039 vn.
1971 988 2228 1039 Galbiana
2251 989 2485 1039 dolorem

1423 1064 1655 1130 iramque
1695 1066 2060 1116 Bedriacensis
2121 1076 2308 1131 pugnae
2369 1066 2494 1116 reti·

1421 1149 1642 1193 nentes.
1628 1142 1662 1173 ·’
1695 1142 1835 1192 Hist.
1861 1157 1921 1192 11.
1960 1143 2212 1193 Antonius
2250 1144 2410 1207 igitur
2431 1151 2492 1193 ut

1423 1232 1511 1268 eos
1543 1220 1597 1269 in
1636 1220 1869 1284 praelium
1910 1219 2244 1282 accenderet,
2279 1219 2491 1270 refricat

1424 1295 1650 1346 dolorem
1678 1298 1849 1347 uictas
1891 1297 2084 1347 cladis:
2141 1310 2379 1384 quanam,
2418 1296 2492 1345 in·

1423 1357 1554 1440 quit,
1588 1375 1690 1424 alia
1712 1377 1778 1425 de
1810 1390 2020 1438 caussa,
2042 1374 2138 1423 nisi
2169 1373 2344 1438 quod
2322 1388 2434 1437 Jam
2459 1387 2492 1422 a

1425 1452 1722 1501 Vitellianis
1744 1452 1872 1501 victi
1894 1450 2088 1511 fuistis,
2125 1463 2262 1498 nunc
2285 1448 2491 1513 paucio·
2506 1473 2511 1477 ·

1422 1541 1528 1590 res,
1560 1543 1712 1592 quam
1733 1529 1853 1586 olim
1877 1527 1972 1577 sub
1994 1527 2223 1587 Othone,
2261 1532 2503 1590 pugnam'

1421 1603 1602 1653 initis?
1635 1605 1775 1668 agite
1795 1618 1942 1667 ergo,
1958 1603 2078 1652 dum
2099 1602 2254 1651 datur
2269 1600 2495 1669 occasio,

1419 1681 1753 1745 ignominiam
1775 1682 1916 1730 illam
1935 1681 2156 1742 abolete,
2173 1678 2490 1743 injuriasque

1423 1765 1623 1808 vestras
1646 1757 1928 1808 vindicate.
1995 1756 2228 1806 Doctiss.
2269 1755 2367 1818 vir,
2405 1768 2491 1804 cur

1420 1836 1774 1899 resumpsissent
1796 1851 1944 1887 arma.
1978 1835 2080 1884 Sed
2099 1834 2351 1885 acriorem
2373 1847 2492 1883 acu-

1422 1914 1562 1962 leum
1586 1914 1761 1977 priora
1789 1913 2105 1976 relinquunt.
2141 1910 2294 1961 Salia.

1488 1990 1593 2040 Sub
1640 1992 1717 2040 M.
1757 1989 1988 2051 Antonio]
2022 1989 2052 2019 '¹’
2086 1988 2271 2037 eadem
2316 1993 2492 2037 tamen

1423 2067 1733 2131 intelligitur
1753 2068 1915 2116 navis.
1984 2066 2289 2128 Quanquam
2326 2063 2494 2127 phile·

1422 2146 1589 2209 sophi,
1635 2151 1882 2194 narrante
1925 2141 2227 2200 Plutarcho,
2264 2139 2490 2199 Theseo,

1422 2223 1588 2273 adbuc
1611 2228 1816 2272 certent
1830 2227 1885 2270 et
1902 2217 2186 2282 subjudice
2209 2218 2268 2265 lis
2291 2216 2492 2277 sit,‘r&v

1420 2299 1511 2362 μὲν
1539 2302 1601 2350 ὣς
1620 2300 1680 2349 τὸ
1712 2298 1845 2362 αὐτὸ,
1873 2300 1969 2346 τῦν
2001 2294 2053 2344 δὲ
2089 2294 2150 2343 ὡς
2179 2293 2233 2342 οὐ
2269 2291 2329 2340 τὸ
2352 2290 2493 2350 αὐτὸ,

1422 2375 1646 2439 διαμένει,
1669 2374 1940 2438 λαγόνι-σονς
1981 2374 2018 2423 i.
2053 2371 2165 2421 aliis
2183 2371 2375 2420 eundem
2395 2380 2494 2418 em

1421 2454 1723 2521 affirmatio.
1746 2452 1856 2501 aliis
1875 2448 2168 2513 negantibus.
2203 2445 2461 2496 Savillius.

1489 2533 1614 2580 Mox
1649 2529 1863 2590 infensus
1892 2522 2391 2591 pretorianisJPuto
2417 2521 2493 2568 ia·

1411 2607 1632 2669 sensim,-
1664 2606 1760 2655 hoc
1791 2610 1890 2665 est,
1913 2600 2104 2651 Verbis
2125 2596 2492 2663 asperioribus.

1424 2685 1546 2735 Non
1570 2684 1706 2732 enim
1739 2682 1818 2731 his
1842 2679 2006 2744 magis
2026 2692 2180 2741 quam
2202 2676 2315 2724 aliis
2336 2671 2494 2724 infes-

1422 2766 1509 2810 tus
1531 2767 1680 2810 erat:
1717 2756 1808 2807 sed
1829 2757 1924 2806 hos
1948 2753 2298 2819 compellabat
2318 2751 2493 2802 ,inclo-

1422 2837 1663 2887 mentius.
1699 2834 1984 2885 Gronovius.

1489 2916 1618 2964 Num
1637 2911 1976 2977 mariniana,
1988 2908 2096 2974 ism]
2142 2905 2336 2958 Adfert
2369 2904 2495 2970 Lip-

1424 2991 1526 3041 sius
1548 2998 1611 3041 ut
1634 2989 1800 3040 simile
1820 2987 1939 3038 huic
1963 2986 2266 3042 Curtianum
2290 2983 2492 3034 dietum

1422 3067 1513 3117 lib.
1539 3083 1615 3118 vr.
1684 3067 1838 3119 Quod
1861 3065 2026 3114 simile
2060 3062 2236 3127 phrasi
2260 3060 2491 3127 quidem,

1421 3160 1525 3195 non
1583 3151 1754 3194 tamen
1808 3142 2099 3200 sententia3
2152 3141 2233 3188 cni
2278 3136 2493 3202 propius

1421 3223 1634 3272 Terent.
1660 3221 1829 3284 Hecy.
1852 3232 1914 3268 ιι.
1942 3223 1990 3267 1.
2023 3218 2039 3247 ‘
2066 3228 2180 3265 uam
2214 3215 2280 3263 de
2316 3222 2371 3262 te
2402 3213 2497 3262 Sa-

1424 3296 1489 3349 tis
1512 3300 1640 3361 seio,
1676 3295 1944 3362 peccando
1966 3292 2266 3342 detrimenti
2290 3289 2359 3338 nil
2381 3287 2495 3338 fieri

1424 3375 1639 3440 potest!
1706 3374 1820 3423 Nec
1844 3367 2054 3439 abludit
2079 3365 2340 3416 Ciceronis
2362 3362 2495 3413 illud

1425 3453 1491 3502 ad
1517 3450 1632 3501 Att.
1655 3451 1754 3513 Ep.
1779 3461 1855 3497 vr.
1877 3450 1956 3495 18.
1989 3445 2003 3472 ‘
2024 3444 2129 3493 Hic
2150 3441 2354 3506 Appius
2373 3444 2493 3489 erat

1421 3529 1578 3578 idem.
1629 3525 1773 3577 Nihil
1796 3537 1922 3573 sane
1936 3522 2193 3585 jacturae?
2241 3517 2330 3567 Ita
2354 3515 2491 3565 enim

1423 3607 1771 3669 interpretor·
1810 3600 1959 3654 Idem
1979 3604 2096 3649 erat
2116 3596 2344 3661 Appius,
2375 3593 2494 3661 (ho-

1424 3684 1615 3733 minem
1653 3680 1841 3745 saepius
1873 3677 1988 3727 istis
2023 3672 2259 3740 epistolis
2297 3667 2499 3733 notat,)

1425 3761 1512 3825 qui
1536 3772 1759 3823 semper,
1781 3767 1950 3821 neque
1959 3754 2217 3819 jacturam
2232 3750 2311 3800 sui
2333 3745 2493 3796 facie-

1424 3837 1518 3888 bat
1538 3838 1713 3887 ullam.
1778 3835 1937 3884 Forte
1959 3831 2034 3881 sic
2062 3833 2123 3878 et
2150 3826 2492 3890 Propertinsz

1423 3912 1439 3942 ‘
1462 3914 1567 3964 Sed
1590 3911 1658 3962 de
1679 3925 1762 3962 me
1784 3911 1952 3959 minor
1982 3916 2061 3956 est
2099 3902 2252 3953 famoe
2282 3903 2494 3966 jactura

1423 3989 1666 4056 pudicas!
1714 3987 1854 4039 Gell.
1879 3986 2026 4038 certe
2043 3993 2178 4032 xm.
2202 3984 2281 4028 19.
2313 3976 2329 4004 ‘
2353 3977 2491 4028 Nam

1424 4082 1542 4119 oum
1564 4067 1618 4115 id
1642 4077 1806 4130 genus
1829 4062 1916 4121 sis,
1937 4057 2077 4122 quod
2100 4054 2270 4118 video,
2299 4060 2356 4106 ut
2377 4053 2493 4102 sine

1416 4145 1626 4209 Jactura
1641 4140 1720 4190 tui
1736 4149 1946 4202 pecces,
1956 4133 2079 4183 nibil
2095 4131 2302 4196 perdes,
2319 4136 2492 4180 utrum

1425 4214 1660 4269 dixeris?
1722 4213 1853 4262 Tac.
1887 4212 1986 4259 hoc
2029 4208 2121 4258 lib.
2144 4216 2352 4261 xxvm.
2388 4218 2495 4256 non

1425 4297 1615 4347 aliter.
1662 4290 1678 4319 ‘
1704 4289 1822 4341 Nisi
1845 4287 2003 4355 quod
1998 4299 2186 4352 neque
2207 4282 2474 4334 Antonias

1422 4386 1598 4442 neque
1618 4369 1846 4425 Hormus
1888 4380 1922 4418 a
1956 4363 2095 4419 &ma
2129 4363 2340 4430 vitaque
2374 4373 2491 4425 ως

2302 442 2483 517 4249
2554 465 2590 518 ,’
