3009 4942
516 407 692 476 ΜΒ

518 568 693 621 manici
709 568 794 635 qai
810 566 1051 630 0:on
1082 582 1138 617 ac
1157 566 1325 617 libem
1342 561 1444 624 qius
1462 561 1582 612 reci-¹

512 658 626 712 pere
644 648 982 708 dignarentur.-
1016 659 1118 694 non
1140 645 1235 706 ita,
1256 641 1446 707 inquit,
1478 639 1585 689 evi-

519 725 622 775 luit
651 724 901 774 memoria
928 722 1249 782 Germanici,
1282 720 1404 785 quin
1426 717 1583 768 facile

473 812 480 820 ·
519 802 763 866 reperias,
800 800 887 864 qui
924 799 1070 860 mihi,
1111 798 1199 863 qui
1240 796 1418 846 liberis
1440 796 1585 859 meis,

517 888 573 932 et
592 880 832 930 maritum
857 882 1000 940 agat,
1038 882 1093 926 et
1119 883 1359 924 tutorem.
1401 873 1583 922 Grate-

515 972 617 1007 ras.
683 953 939 1006 Offendor
961 952 1139 1002 hercle
1163 958 1220 1001 et
1252 950 1364 1015 ipse
1387 949 1443 998 in
1468 963 1583 998 sen-

516 1033 702 1083 tentia.
771 1031 891 1081 Non
940 1030 1074 1078 enim
1104 1028 1178 1077 ita
1201 1026 1405 1075 demissi
1427 1024 1583 1075 animi

518 1107 831 1172 Agrippina,
873 1111 930 1155 ut
963 1106 1037 1153 sic
1059 1105 1124 1153 de
1147 1119 1236 1153 sex
1274 1102 1465 1166 potius,
1486 1116 1583 1152 esse

515 1184 797 1246 incivitate,
817 1198 951 1247 quem
976 1180 1253 1231 Germanici
1270 1181 1511 1247 conjugem
1526 1195 1582 1229 ac

516 1261 685 1311 liberos
727 1261 828 1323 qius
870 1259 1075 1324 recipoee
1118 1259 1428 1321 dignaretur.-
1481 1258 1582 1307 hoc

518 1353 688 1402 sensu,
742 1351 874 1400 esse,
917 1352 1074 1401 quem
1129 1335 1433 1399 dignaretur
1489 1349 1582 1384 seu

518 1415 733 1479 dignum
775 1414 1010 1475 baberet,
1044 1417 1103 1462 ut
1140 1413 1437 1463 Germanici
1460 1428 1583 1463 con-

509 1492 690 1555 jugem
755 1489 1053 1554 liberosque
1128 1489 1407 1552 reciperet.
1478 1489 1583 1541 Qui

516 1575 693 1617 tamen
732 1566 847 1630 ipse
881 1581 1062 1616 sensus
1103 1568 1261 1617 etiam
1285 1565 1401 1616 fieri
1424 1582 1490 1617 ex
1514 1569 1587 1617 al·

518 1651 633 1695 tera
651 1644 742 1693 illa
760 1644 983 1693 lectione
1008 1651 1201 1709 potest,
1227 1646 1270 1693 si
1301 1647 1585 1708 dignarum

518 1721 724 1785 passive
760 1722 1005 1785 accipias,
1043 1722 1227 1785 diguus
1265 1722 1582 1782 haberetur3

519 1798 607 1863 qui
645 1804 946 1847 censeretur
969 1798 1153 1861 dignus
1189 1798 1426 1864 recipere
1455 1799 1586 1849 Ger·

515 1873 706 1924 manici
746 1875 1015 1945 conjugem
1056 1884 1111 1925 et
1152 1876 1360 1926 liberos.
1445 1877 1583 1926 Nam

517 1951 615 2001 hoc
655 1952 864 2000 omnino
902 1952 1112 2002 videtur
1158 1953 1311 2018 velle,
1363 1955 1584 2004 inveniri

516 2028 676 2078 etiam
721 2045 777 2080 se
823 2029 1036 2094 dignum
1073 2032 1316 2081 maritum
1359 2032 1413 2081 in
1449 2033 1583 2082 ¹urbe

515 2119 684 2171 posse.
750 2107 1013 2160 Acidaliae.
1116 2110 1366 2162 Nobiliss.
1424 2118 1582 2176 atque

518 2185 849 2235 amoenissimi
878 2186 1072 2250 ingenii
1106 2189 1204 2251 vir,
1238 2190 1325 2238 Fr.
1350 2190 1582 2240 Malher-

515 2261 648 2326 bins,
670 2278 765 2326 pro
796 2264 849 2311 in
883 2264 1094 2327 civitate,
1130 2265 1251 2314 exili
1276 2266 1584 2331 mutatione,

514 2339 570 2389 ia
587 2353 645 2388 ea
667 2344 809 2390 oetate
840 2342 1118 2405 legendum
1142 2358 1256 2393 esse
1278 2343 1402 2393 mihi
1426 2344 1582 2394 dixit.

516 2417 634 2469 Qua
678 2430 736 2466 re
781 2419 854 2467 nil
895 2419 1087 2468 certius
1120 2426 1217 2470 est.
1296 2422 1432 2482 Nam
1469 2422 1583 2485 jam

516 2499 639 2543 aute
681 2494 956 2558 juventam
999 2512 1140 2546 suam
1190 2499 1384 2548 Caesari
1439 2498 1583 2563 obje-

516 2576 664 2619 cerat
720 2571 1027 2636 Agrippina.
1083 2575 1243 2623 Error
1287 2576 1377 2625 ille
1429 2588 1580 2641 quam

513 2643 655 2695 facili
704 2647 1030 2698 librariorum
1086 2651 1230 2714 lapsu
1274 2652 1580 2717 contingere

514 2724 764 2786 potuerit,
785 2727 977 2774 nemini
1012 2728 1100 2791 qui
1132 2729 1186 2776 in
1222 2730 1361 2779 hisce
1395 2731 1579 2780 studiis

513 2798 773 2862 paululum
795 2808 878 2849 est
900 2810 1156 2868 versatus,
1173 2807 1449 2856 obscurum
1466 2822 1580 2857 esse

515 2880 710 2938 patest-
766 2877 1039 2929 Gerar-tius.

543 2984 554 2995 .
580 2953 947 3004 *Commentariis
966 2958 1408 3027 Agrippinoefilioe]
1443 2961 1474 2992 ⁴⁸*
1508 2963 1579 3012 A-

514 3028 793 3092 grippina)
831 3031 878 3080 N
886 3047 950 3081 on
973 3037 1239 3098 pertinent
1259 3039 1326 3087 ad
1350 3040 1501 3104 hanc,
1525 3047 1581 3091 ut

513 3105 596 3154 -vir
635 3106 819 3155 doctus
876 3123 1045 3174 nuper
1090 3116 1307 3176 censuit,
1356 3116 1581 3181 Augusti

516 3181 697 3241 laudes
720 3185 858 3246 apud
882 3186 1182 3238 Suetonium
1220 3206 1333 3256 cap.
1359 3198 1439 3244 86.
1468 3197 1483 3222 ‘
1510 3197 1581 3245 Et

497 3259 739 3324 ·quadam
784 3263 1004 3326 epistola
1058 3264 1357 3332 Agrippinae
1407 3273 1582 3335 neptis

513 3335 779 3400 ingenium
820 3341 1152 3392 collaudans:
1196 3346 1289 3393 sed
1323 3360 1450 3412 opus
1484 3356 1585 3411 est,

512 3413 702 3478 inquit,
751 3416 877 3466 dare
911 3427 964 3467 te
1007 3435 1220 3483 operam
1256 3437 1321 3471 ne
1361 3425 1580 3474 moleste

511 3489 705 3539 scribas
728 3498 819 3541 aut
854 3496 1103 3559 loquare!
1169 3499 1480 3551 Manifestus
1503 3509 1584 3553 est

512 3566 873 3633 ἆναχρονισμός.
943 3575 1223 3626 Per-tinent
1252 3579 1319 3626 ad
1360 3587 1582 3630 matrem

514 3647 681 3711 hujus,
704 3664 819 3713 quae
839 3651 1076 3714 Augusto
1103 3655 1275 3718 neptis
1296 3672 1309 3704 ε
1345 3656 1445 3706 ista
1467 3672 1583 3721 pro-

514 3725 708 3788 neptis.
783 3729 895 3775 Nec
922 3727 1154 3792 dubium,
1191 3731 1312 3795 quin
1338 3733 1449 3782 haec
1470 3735 1582 3798 qui·

512 3801 631 3853 dem
652 3804 768 3854 vivo
790 3805 1033 3870 Augusto
1057 3809 1211 3872 plane
1224 3811 1388 3860 adhuc
1401 3827 1579 3875 puera.

512 3881 728 3945 Lipsius.

539 3983 550 3990 ·
578 3960 714 4009 CAP.
741 3965 822 4010 54.
870 3963 1035 4011 Servis
1062 3965 1296 4028 tramisit]
1364 3967 1468 4018 Qui
1515 3967 1579 4017 ad

511 4033 680 4085 fulcra
698 4037 843 4098 lecti,
861 4053 926 4086 ex
945 4053 1103 4089 more.
1137 4042 1351 4106 Lipsius.

547 4144 554 4149 -
578 4113 712 4164 CAP.
737 4121 817 4165 55.
853 4118 1051 4165 Famam
1074 4119 1331 4182 avertent]
1399 4122 1470 4170 Et
1493 4137 1583 4185 po·

512 4191 624 4251 puli
664 4204 923 4243 sermones
971 4197 1090 4245 alibi
1141 4204 1437 4261 occuparet.
1503 4200 1582 4247 Eo

512 4266 648 4315 enim
682 4266 786 4318 fine
825 4271 937 4334 ipse
976 4274 1028 4321 in
1068 4275 1262 4322 Senatu
1304 4275 1504 4337 creber,
1529 4282 1584 4324 et

513 4352 597 4392 res
611 4341 926 4411 ‚illustriores
965 4356 1095 4409 actae
1114 4365 1144 4412 3·
1167 4364 1234 4400 ne
1256 4362 1445 4407 vacare
1468 4350 1582 4415 ipse

1208 414 1430 467 No'rss
1475 406 1883 463 vAmoRUM
1926 410 2013 463 ΙΝ

1660 569 1875 635 privatis
1911 568 2196 629 videretur,
2244 577 2379 615 neve
2420 561 2623 629 popule
2652 559 2722 611 'de

1659 649 1720 697 iis
1744 647 1886 712 loqui
1910 652 2065 696 esset.
2133 643 2281 694 Idem.

1729 725 1969 789 Templum
2011 721 2324 785 κατειπὼν]
2388 715 2545 779 Illud,
2589 714 2723 779 quod

1659 803 1976 853 destinatum
2032 799 2246 850 Tiberio
2299 802 2383 848 et
2408 794 2646 858 Senatui,
2696 792 2731 842 ι’

1659 892 1918 929 commum
1939 875 2095 926 Asiae.
2161 874 2376 938 Lipsius.

1724 956 1824 1005 Per
1861 955 1984 1004 bella
2030 950 2197 1014 Perti]
2285 951 2457 1002 Quem
2492 946 2624 998 vicit
2666 946 2728 996 L.

1663 1030 1891 1081 AEmilius
1937 1029 2148 1078 Paulus.
2214 1025 2485 1078 Plutarch.
2517 1022 2574 1072 in
2613 1023 2741 1086 ejas.

1659 1108 1787 1158 vita.
1856 1107 2094 1157 Muretus.

1731 1185 1908 1235 Verum
1954 1180 2249 1247 Hypoepeni]
2312 1176 2548 1242 ‘Ta-aim
2590 1174 2735 1226 πόλις

1658 1261 1842 1327 Λυδίας,
1885 1259 1974 1310 ὑπὸ
2015 1259 2074 1308 τὸ
2113 1256 2265 1319 uiros,
2318 1254 2590 1307 καλλίστας
2628 1251 2730 1316 ἔχει

1657 1341 1900 1402 γυναῖκας,
1948 1340 2093 1402 δῶρον
2125 1333 2418 1401 Ἀφροδίτης.
2474 1331 2730 1396 stephan.

1658 1416 1765 1482 περὶ
1780 1416 1981 1466 πόλεων.
2016 1414 2172 1466 Ovid.
2189 1415 2257 1464 de
2279 1411 2525 1463 Arachne
2547 1426 2563 1460 τ
2600 1410 2616 1438 ⁴
2632 1408 2733 1459 01·-

1659 1503 1717 1546 ta
1772 1496 1927 1545 domo
1980 1508 2158 1558 parva,
2220 1488 2395 1554 parvis
2458 1485 2733 1538 habitabat

1661 1570 1955 1637 Hypaepis!
2005 1568 2249 1619 Meminit
2264 1572 2322 1616 et
2337 1565 2529 1616 Strabo
2543 1565 2578 1614 Ι.
2607 1575 2732 1615 xm.

1660 1648 1817 1698 Idem.

1730 1722 2078 1788 Trallianique]
2141 1724 2224 1773 De
2258 1720 2520 1772 Trallibus
2564 1717 2732 1768 multa

1659 1801 1798 1852 idem
1822 1802 2011 1851 Strabo
2035 1802 2072 1850 l.
2097 1812 2216 1850 xxv,
2252 1800 2405 1849 Idem.
2740 1814 2746 1821 ·

1723 1879 2002 1929 Laodicenis
2038 1894 2095 1928 ac
2134 1874 2469 1941 Magnetibus]
2540 1875 2627 1924 De
2650 1871 2727 1921 his

1659 1957 1798 2007 idem
1819 1956 2010 2007 Strabo
2034 1957 2069 2006 l.
2102 1968 2205 2005 ιιι.
2232 1953 2485 2019 synesius
2503 1950 2555 1999 in
2581 1949 2732 2013 Epis-

1661 2036 1808 2086 tulis:
1841 2032 2059 2098 Ἀσπίδα,
2095 2033 2282 2096 φρῦνον,
2318 2028 2428 2094 ὅφιν
2462 2026 2543 2076 καὶ
2583 2027 2726 2075 Δαδι-

1659 2108 1770 2161 κέας
1795 2110 2069 2176 περίφευγε,
2095 2107 2191 2158 Καὶ
2225 2106 2343 2158 κύνα
2373 2104 2631 2167 λυσσιτὴν,
2654 2101 2733 2155 καὶ

1657 2187 1778 2237 πάλι
1807 2185 2053 2238 Λαδικέας.
2121 2186 2291 2236 Idm:

1725 2267 1875 2314 Nullo
1931 2269 2061 2313 motu
2121 2261 2289 2325 teme]
2357 2262 2490 2312 Cmn
2550 2262 2730 2309 tamen

1659 2342 1830 2391 crebri
1854 2341 1926 2391 ibi
1951 2342 2056 2390 sint
2097 2347 2252 2391 terrae
2282 2347 2470 2390 motus.
2502 2337 2729 2388 Strabo:

1657 2419 1835 2484 σχεδὸν
1877 2419 1930 2469 δὲ
1963 2419 2201 2470 etiarm&
2244 2421 2366 2485 ἐστι,
2408 2418 2489 2469 καὶ
2522 2419 2657 2467 πᾶσα
2698 2416 2731 2476 ἦ

1655 2498 1762 2562 περὶ
1779 2497 1865 2546 τὸν
1886 2496 2153 2562 Μαίανδρον
2173 2496 2323 2561 χώρα.
2387 2488 2557 2545 Ῐίίἐω.

1724 2576 1862 2625 ΟΑΡ.
1894 2580 1976 2625 56.
2063 2575 2177 2624 Sive
2240 2588 2334 2624 aaa
2412 2569 2729 2634 Amazonum]

1659 2653 1879 2716 Smyrna
1931 2652 2140 2701 nomine
2193 2651 2437 2701 Straboni
2493 2650 2529 2699 l.
2570 2661 2728 2700 xxtv-

1659 2729 1886 2793 Zmyrna
1931 2736 2027 2791 est,
2071 2734 2131 2778 ut
2190 2728 2369 2777 notavi
2424 2725 2631 2790 pridem
2673 2724 2727 2773 in

1656 2807 1984 2869 Philippicas
2008 2806 2084 2854 M.
2105 2802 2276 2856 Tullii.
2324 2803 2562 2852 Muretus.

1720 2883 1784 2933 Se
1821 2885 2003 2946 primos
2042 2884 2265 2946 templum
2299 2880 2453 2942 urbis]
2534 2878 2728 2929 Obser-

1658 2959 1803 3009 vabit
1840 2959 2155 3021 Philologus.
2213 2958 2429 3007 Accidit
2461 2957 2560 3006 hoc
2594 2968 2729 3005 anno

1657 3037 1795 3086 urbis
1841 3049 2038 3086 marm.
2072 3034 2103 3065 ³*
2137 3038 2267 3086 Cum
2303 3037 2510 3083 Venere
2549 3032 2726 3083 fuisse.

1660 3115 1742 3163 Ad
1785 3115 1914 3162 hanc
1948 3128 2149 3178 quoque
2184 3113 2372 3161 Divum
2409 3112 2500 3160 ille
2533 3111 2724 3175 poeta:

1654 3193 1670 3220 ‘
1720 3191 1928 3240 Exaudi
1994 3190 2173 3254 regina
2240 3191 2316 3239 tui
2379 3190 2725 3253 pulcherrima

1656 3268 1833 3318 mundi
1869 3269 2019 3317 Inter
2044 3267 2273 3315 sidereos
2305 3268 2469 3316 Roma
2505 3271 2726 3330 recepta

1655 3345 1834 3410 polos.'
1900 3344 2213 3394 Claudianus
2259 3343 2309 3391 in
2355 3350 2529 3392 monte
2573 3343 2726 3392 Pala-

1657 3425 1767 3474 tino
1791 3424 2032 3485 collocat,
2066 3423 2100 3470 l.
2122 3434 2184 3469 11.
2220 3422 2307 3469 De
2326 3419 2524 3469 laudib.
2561 3419 2743 3469 stilic:

1656 3502 1745 3551 ubi
1787 3500 2097 3550 Provincias
2139 3497 2271 3546 facit
2309 3499 2488 3545 Romae
2529 3496 2727 3560 suppli-

1655 3585 1866 3629 cantes:
1899 3579 1916 3606 ⁴
1950 3576 2280 3627 Conveniunt
2299 3576 2366 3624 ad
2404 3582 2549 3624 tecta
2574 3577 2723 3633 Deae,

1655 3670 1772 3721 quae
1818 3657 2042 3711 candida
2099 3658 2281 3705 lucent
2334 3655 2521 3704 Monte
2572 3652 2725 3702 Pala·

1660 3734 1806 3783 tino.'
1836 3735 2042 3798 Lipsius.

1718 3811 1909 3859 Primos
1949 3812 2176 3874 templum
2228 3809 2359 3858 urbis
2407 3809 2576 3858 Romoe
2626 3812 2725 3861 sta-

1554 3917 1565 3927 -
1653 3887 1820 3954 tuisse]
1886 3891 1972 3939 De
2010 3890 2153 3938 urbis
2194 3890 2374 3938 Romae
2418 3889 2616 3952 templo
2668 3889 2721 3937 in

1654 3965 1768 4027 ipsa
1790 3968 1972 4029 Roma,
2010 3966 2247 4015 meminit
2281 3966 2453 4029 Spart.
2495 3966 2546 4013 iu
2571 3965 2725 4014 Adri-

1656 4057 1787 4102 ano;
1821 4050 1877 4091 et
1900 4043 2071 4093 Amm.
2098 4043 2337 4092 Marcell.
2367 4044 2400 4089 l.
2421 4055 2536 4092 xvr.
2573 4040 2726 4095 Quod

1655 4116 1878 4167 fortasse
1903 4118 2144 4167 deridens
2167 4117 2449 4166 Hormisda
2477 4118 2726 4181 Reg111u8‚

1658 4196 1743 4258 qui
1782 4197 1964 4244 urbem
2002 4210 2117 4244 cum
2161 4195 2468 4244 Constantio
2502 4192 2729 4258 'impera-

1657 4278 1773 4322 tore
1810 4275 2238 4337 perlustraverat,
2275 4273 2627 4337 interrogatus
2659 4270 2725 4323 ab

1659 4364 1742 4416 eo,
1774 4351 1901 4416 quid
1938 4352 2005 4401 de
2043 4351 2214 4402 Roma
2250 4351 2498 4401 sentiret:
2533 4349 2725 4399 id‘tan-
