3009 4942
442 363 619 446 3882

446 532 690 590 cogentes
731 525 930 578 scilicet
956 527 1157 592 judicio
1201 527 1421 579 Caesaris
1458 532 1514 576 et

449 608 657 654 senatus
682 603 887 653 cedere.
954 606 1030 654 Ut
1069 606 1154 655 lib.
1181 620 1219 654 ι.
1245 608 1259 632 ‘
1291 605 1516 655 Remisit

448 682 623 730 Caesar
643 681 911 743 adroganti
938 681 1327 731 moderatione.'
1399 683 1514 731 Lib.

449 771 556 809 xit.
581 763 594 788 ‘
621 761 689 809 Et
716 762 889 810 Caesar
913 763 1285 811 adulationibus
1309 771 1516 812 senatus

449 837 615 886 libens
640 837 811 899 cessit,
850 848 904 885 ut
929 839 1179 888 vicesimo
1226 841 1395 889 aetatis
1429 850 1517 889 an*
1556 843 1570 853 ‘

451 927 519 962 no
541 915 858 962 consulatum
887 917 1027 964 Nero
1063 916 1255 965 iniret.'
1322 917 1393 966 Hi
1417 932 1519 966 non

450 991 607 1039 auditi
652 998 800 1039 sunt:
838 991 1032 1054 quippe
1075 993 1294 1042 orationi
1343 1009 1520 1043 eorum

452 1067 869 1129 repugnabatur:
908 1068 998 1116 sed
1021 1071 1173 1130 adiuti
1201 1070 1253 1118 in
1278 1071 1371 1131 εἰς,
1403 1086 1520 1136 quae

454 1144 631 1208 specie
654 1145 1003 1193 recusantium
1022 1143 1413 1208 flagrantissime
1438 1162 1524 1196 cua

454 1221 688 1284 piebant.
755 1222 983 1271 Verbum
1009 1224 1081 1272 sic
1119 1224 1279 1273 habos
1312 1225 1524 1274 undeci-

455 1311 538 1346 mo
564 1305 830 1348 extremo:
858 1305 872 1327 ‘
895 1300 1148 1364 Juvitque
1173 1302 1284 1364 ejus
1310 1303 1525 1351 oblivio-

451 1387 572 1424 nem
609 1375 869 1437 Senatus?
934 1378 1048 1428 Lib.
1072 1392 1173 1427 xn.
1198 1384 1245 1428 3.
1280 1379 1296 1407 ‘
1324 1381 1526 1429 Praeva-

455 1453 597 1502 luere
640 1452 748 1502 haec
786 1453 963 1518 adjuta
1004 1453 1311 1519 Agrippinas
1351 1457 1527 1505 illece-

455 1528 595 1580 bris!
663 1531 734 1579 Et
757 1531 937 1579 eodem
958 1547 1005 1580 c.
1029 1536 1111 1581 61.
1142 1533 1158 1560 ‘
1182 1533 1428 1582 Claudius
1449 1532 1527 1581 fa·

457 1607 656 1656 cilitate
681 1607 853 1669 solita,
897 1607 1032 1672 quod
1059 1608 1144 1655 uni
1179 1615 1528 1672 concesserat,

456 1683 610 1731 nullis
628 1683 950 1732 extrinsecus
967 1684 1277 1749 adjumentis
1297 1684 1526 1734 velavit!

458 1759 732 1808 Suetonius
771 1760 1016 1810 Vitellio:
1068 1760 1084 1788 ‘
1110 1761 1309 1810 Neroni
1345 1761 1533 1824 accep-5

460 1836 564 1886 tior
588 1835 835 1899 peculiari
853 1837 1055 1900 merito,
1078 1836 1215 1900 quod
1243 1837 1528 1900 praesidens

463 1913 735 1962 certamini
771 1913 1034 1976 Neroneo,
1066 1914 1363 1977 cupientem
1394 1913 1532 1962 inter

462 1988 773 2038 citharoedos
796 1989 1131 2052 contendere,
1165 2005 1261 2040 nec
1300 1989 1531 2055 quamvis

462 2065 821 2131 flagitantibus
856 2070 1060 2119 cunctis
1102 2070 1407 2133 promittere
1443 2084 1533 2118 an-

466 2143 698 2207 dentem,
737 2144 957 2211 ideoque
1002 2161 1263 2210 egressum
1310 2148 1533 2210 theatro,

464 2228 804 2270 revocaverat
837 2223 981 2286 quasi
1020 2225 1402 2287 perseverantis
1440 2239 1533 2288 po-

468 2298 578 2362 puli
606 2298 868 2362 legatione
891 2306 1156 2363 suscepta,
1192 2300 1534 2350 exorandum-

468 2390 567 2439 que
592 2375 918 2439 praebuerat.'
962 2377 1066 2426 Hic
1082 2390 1288 2442 quoque
1308 2377 1535 2442 adjutus,

468 2465 572 2500 nou
596 2451 822 2502 auditus.
860 2453 1057 2502 Noster
1078 2469 1284 2519 qnoque
1308 2455 1395 2504 lib.
1416 2467 1536 2505 xw.

454 2528 483 2578 .‘
507 2525 683 2593 Atque
723 2542 840 2584 eum
880 2536 1091 2580 auctore
1130 2531 1333 2580 Buri-ho
1365 2532 1538 2594 ‘prima

469 2604 831 2654 centurionum
856 2606 1275 2670 tribunorumque
1306 2606 1539 2656 adulatio

468 2681 732 2731 firmavit!
799 2684 869 2731 Et
912 2683 1013 2732 hoc
1056 2682 1334 2746 adjuvandi
1360 2698 1537 2748 genus.

476 2756 685 2808 Gronov.
817 2768 822 2776 '

538 2833 673 2883 CAP.
692 2837 775 2882 36.
802 2835 859 2882 C.
886 2833 1077 2882 Cestius
1097 2833 1321 2896 Senator]
1345 2833 1538 2883 Nescio

478 2921 544 2956 an
573 2908 725 2957 moris
764 2909 943 2958 Tacito
969 2910 1103 2958 inter
1127 2911 1303 2959 titulos
1326 2910 1543 2970 addere,-

476 2985 699 3035 Senator.
757 2987 828 3034 Et
847 2985 970 3050 quid
991 2986 1075 3034 hic
1100 3000 1229 3048 opus
1250 2987 1268 3033 ἓ
1313 2994 1402 3035 aut
1428 2988 1541 3050 quis

472 3061 673 3111 nesciat
694 3063 746 3110 in
768 3061 966 3110 Senatu
991 3077 1092 3111 non
1116 3063 1212 3111 uisi
1238 3063 1539 3114 senatorem

474 3136 813 3186 disseruisse?
882 3136 1102 3200 Ambigo
1126 3137 1253 3207 (non
1291 3140 1428 3188 enim
1466 3141 1542 3189 af·

473 3211 651 3276 firmo)
687 3225 751 3261 an
771 3225 876 3262 non
898 3212 1070 3263 Senior
1098 3215 1509 3264 substituendum
1527 3234 1546 3267 :-

475 3288 547 3341 ‘ad
571 3289 886 3340 discriment
920 3293 1038 3356 quia
1069 3292 1271 3357 reperio
1307 3294 1397 3342 illo
1431 3309 1543 3344 aevo

478 3369 609 3418 duos
628 3370 830 3420 Cestios
852 3369 1029 3432 fuisse,
1047 3380 1246 3434 patrem
1267 3377 1327 3420 et
1347 3371 1506 3423 filium
1528 3392 1540 3423 :

476 3444 612 3494 libro
635 3459 712 3494 v1.
753 3446 911 3509 infra,
943 3447 959 3475 ‘
985 3446 1271 3497 Admonuit
1311 3448 1543 3499 Cestium

476 3524 723 3590 patrem)
789 3524 874 3575 An
908 3524 1071 3586 magis
1105 3526 1301 3588 placet,
1332 3523 1546 3576 Senatu?

483 3604 620 3668 qumi
656 3612 792 3652 ena-zat
820 3608 868 3652 iu
892 3608 1117 3654 Senatu:
1154 3603 1350 3666 elleipsi
1367 3605 1546 3654 Tacito

487 3684 784 3744 [rercrelira.
824 3684 1028 3744 Ligarius.

556 3764 612 3804 Ε.
640 3760 820 3808 affinius
852 3758 1077 3820 Emoriar]
1123 3759 1404 3820 Suspectus
1425 3760 1548 3824 Lip-

483 3838 560 3884 sio
588 3836 764 3884 titulus
788 3840 904 3900 iste,
944 3832 1161 3898 Senator,
1191 3851 1307 3886 cum
1346 3837 1412 3886 sit
1444 3833 1549 3887 cla-

487 3928 620 3972 rum,
668 3916 716 3960 iu
756 3916 952 3964 Senatu
992 3927 1088 3962 nun
1111 3913 1210 3961 nisi
1248 3913 1550 3962 Senatorem

491 3988 808 4040 disseruisse.
888 3992 1074 4052 Neque
1118 4004 1217 4053 ego
1263 3989 1415 4038 aliter
1442 4004 1552 4038 sen·

493 4068 596 4116 tiu:
636 4076 800 4116 tamen
836 4068 1004 4116 lorum
1052 4066 1269 4115 similem
1291 4065 1343 4113 in
1364 4065 1552 4115 Tacito

495 4140 784 4204 observari,
828 4144 1008 4192 annai.
1044 4144 1079 4192 l.
1100 4156 1139 4194 1.
1168 4140 1351 4206 prope}
1376 4140 1552 4206 finem,

495 4220 584 4268 ruri
628 4220 728 4268 alt:
768 4228 780 4248 *
804 4222 948 4268 Inter
984 4236 1096 4284 quae
1140 4221 1269 4270 Pius
1311 4219 1553 4270 Aurelius

499 4296 732 4356 Senator,
756 4308 964 4360 questus
984 4296 1016 4348 :*
1048 4312 1165 4348 nam
1188 4303 1245 4347 et
1282 4296 1355 4349 ibi
1380 4311 1476 4348 -res
1495 4298 1556 4347 in

1132 382 1354 434 ,NOTAE
1403 379 1812 432 vammum
1860 381 1939 431 IN

1589 527 1784 578 Senatu
1811 526 2118 592 agebantur.
2185 525 2324 590 Ergo
2345 522 2525 575 videat
2550 522 2657 574 lec-

1591 605 1691 666 tor,
1725 605 1857 654 sitne
1884 611 2102 669 utroque
2137 603 2191 652 in
2214 603 2330 652 loco
2353 600 2547 650 librarii
2579 615 2661 650 er-

1591 698 1690 744 ror,
1729 697 1791 731 au
1815 681 2032 731 Tacitus
2055 680 2316 729 senatoris
2343 679 2549 727 titulum
2574 675 2663 726 ad-

1592 759 1702 821 dat,
1756 757 1896 809 forte
1938 758 2004 807 ad
2050 756 2400 806 differentiam
2442 756 2662 804 aliorum

1593 837 1820 901 ejusdem
1867 835 2083 884 nominis
2109 841 2164 883 et
2203 831 2539 896 cognominis,
2573 830 2662 896 qui

1596 914 1869 961 Senatores
1894 926 1994 960 non
2020 916 2186 959 erant.
2227 909 2451 958 Pit-hena.
2646 909 2656 919 ‘

1659 990 1848 1039 Audeat
1878 989 1964 1048 jus
1985 987 2217 1051 experiri]
2255 987 2386 1034 Mihi
2414 999 2539 1033 vera
2558 984 2669 1034 visa

1597 1072 1679 1115 est
1720 1066 2112 1129 interpretatio,
2157 1064 2302 1128 cujus
2342 1069 2526 1111 auctor
2557 1060 2669 1124 jam

1598 1156 1699 1191 non
1747 1143 2019 1201 succurrit,
2065 1156 2212 1205 quem
2260 1147 2433 1191 tamen
2475 1139 2669 1205 (neque

1599 1220 1736 1268 enim
1781 1234 1864 1267 me
1909 1219 1995 1267 diu
2038 1216 2222 1267 fallere
2265 1215 2501 1282 poterit‚)
2547 1215 2674 1264 alibi

1599 1295 1814 1344 laudare
1855 1310 1976 1345 non·
1998 1297 2269 1344 omittam:
2327 1294 2466 1343 illius
2510 1294 2674 1357 igitur

1601 1373 1893 1436 opinionem
1937 1373 2065 1422 meis
2111 1373 2282 1422 verbis
2327 1371 2583 1436 exposui:
2620 1376 2675 1420 et

1602 1461 1718 1498 mox
1761 1464 1877 1498 cnm
1919 1450 2100 1498 eodem
2124 1455 2333 1498 tinctam
2372 1464 2526 1513 quam
2574 1451 2680 1498 con'·

1602 1527 1772 1574 victam
1818 1527 1990 1576 malui.
2060 1527 2174 1576 Nec
2234 1527 2369 1575 enim
2423 1531 2514 1574 aut
2560 1539 2682 1588 cog-

1603 1603 1800 1651 nitione
1841 1618 1969 1667 opus
1995 1610 2124 1662 erat,
2158 1611 2249 1652 aut
2286 1604 2325 1652 si
2351 1601 2560 1665 fuisset,
2592 1601 2680 1650 ille

1603 1680 1944 1740 cognoscendi
1967 1681 2129 1740 locus,
2153 1679 2345 1729 illudve
2365 1685 2574 1742 tempus
2596 1678 2681 1726 has

1604 1757 1846 1807 bebatur.
1927 1758 2029 1807 Sed
2073 1759 2203 1808 ultio
2251 1757 2588 1820 poscebatur,
2631 1755 2683 1804 in

1607 1832 1869 1898 damnata,
1899 1839 1950 1883 et
1976 1833 2255 1883 manifesto
2279 1834 2452 1883 noxia.
2512 1834 2685 1882 Freina

1605 1911 1829 1962 themius.
1899 1912 2041 1962 Olim
2059 1912 2331 1961 tuebamur
2351 1913 2488 1960 hunc
2511 1912 2686 1960 locum

1608 1989 1832 2039 Observ.
1871 2003 1931 2038 ιι.
1954 1994 2002 2039 2.
2031 2005 2132 2054 quo
2170 1989 2296 2053 vise,
2338 1989 2380 2038 si
2426 1987 2562 2037 tanti
2585 1993 2685 2037 est.

1611 2065 1819 2116 Gronov.
1883 2080 1889 2088 ·
1981 2074 1986 2078 '

1673 2144 1808 2193 Ciu».
1835 2148 1914 2194 37.
1950 2145 2094 2193 Diem
2128 2141 2547 2210 aedificationibus]
2583 2139 2686 2189 Ve-

1609 2235 1734 2269 rane
1776 2222 1888 2270 haec
1926 2222 2115 2271 lectio?
2151 2221 2193 2270 si
2221 2228 2320 2283 est,
2355 2220 2685 2282 interpretor

1611 2296 1862 2346 inDruso
1899 2299 2066 2347 notari
2108 2299 2338 2347 studium
2368 2296 2690 2358 aedificandi,

1611 2379 1666 2422 et
1687 2375 1893 2423 crebras
1917 2375 2220 2440 insanasque
2240 2375 2685 2424 substructiones:

1613 2460 1678 2499 ex
1718 2453 1980 2501 sententia
2020 2453 2286 2515 scriptoris
2325 2452 2508 2502 Graeci
2548 2449 2687 2515 apud

1612 2527 1858 2577 Suidam:
1928 2527 2293 2590 Οἷκοδομήματα
2328 2525 2558 2592 Ἀσσύρια
2609 2524 2688 2576 καὶ

1615 2604 1881 2668 δαπανηρὰς
1901 2606 2222 2670 λειτουργείας
2243 2604 2428 2670 χαίρειν
2450 2603 2686 2654 ἐάσαντας
2708 2628 2711 2630 ·

1613 2682 1710 2744 χρὴ
1732 2683 1839 2731 τοὺς·
1863 2682 2096 2746 ἄρχοντας
2116 2683 2296 2747 ἄρχειν.
2344 2680 2557 2731 Ψεκτέον
2577 2680 2691 2743 τᾶρς

1616 2761 1642 2808 ὁ
1665 2759 1822 2823 ἅρχων
1853 2763 1878 2809 ὁ
1921 2761 2097 2826 χαίρων
2129 2759 2492 2822 οἰκοδομήμασιν
2531 2759 2688 2822 εὐπρε-

1615 2837 1767 2888 πέσιν.
1822 2841 1957 2888 Nam
1980 2841 2075 2888 hoc
2101 2839 2392 2900 tolerabile,
2415 2827 2691 2900 praequam'

1616 2916 1745 2964 illud
1765 2916 1966 2966 Ferreti
1989 2933 2002 2965 ι
2036 2918 2051 2944 ‘
2077 2912 2567 2974 AEdificatiouibuS,’
2594 2912 2690 2973 ait,

1617 2992 1631 3019 ‘
1657 3006 1750 3055 pro
1773 3005 1834 3040 eo
1855 2993 1993 3056 quod
2017 2998 2098 3041 est
2132 2989 2470 3040 emendandis
2497 2989 2685 3038 rebus:

1617 3068 1716 3116 nisi
1755 3068 1806 3117 in
1843 3070 2000 3118 verbo
2034 3068 2277 3118 mendum
2319 3067 2420 3116 sit?
2485 3066 2595 3115 Sed
2615 3069 2694 3114 est

1619 3142 1879 3207 profecto,
1896 3160 1976 3194 me
1992 3159 2195 3210 quoque
2208 3145 2410 3208 judice,
2427 3141 2694 3194 mendum.

1621 3219 1750 3270 Quis
1773 3221 1909 3278 enim
1937 3222 2071 3285 apud
2112 3223 2370 3271 Romanos
2395 3221 2510 3270 viro
2549 3220 2695 3284 prin.-

1620 3295 1728 3359 cipi
1763 3297 2132 3347 aedificationes
2169 3297 2297 3347 vitio
2331 3296 2518 3346 dedit?
2553 3294 2697 3345 laudi

1621 3372 1827 3437 potius:
1881 3381 1939 3424 ut
1986 3377 2063 3424 M.
2109 3375 2382 3440 Agrippae,
2427 3374 2696 3438 Anguste,

1623 3450 1855 3513 aliisque.
1940 3454 2010 3502 Et
2049 3460 2108 3503 ut
2148 3455 2330 3504 vitium
2379 3453 2524 3502 sint:
2584 3450 2707 3518 quis‘

1623 3525 1852 3588 scriptor
1871 3528 1925 3577 id
1950 3529 2181 3593 prodidit
2212 3530 2279 3579 de
2301 3529 2517 3579 Druso?
2551 3530 2703 3594 cujus

1621 3611 2006 3655 mouumentum
2028 3607 2188 3656 ullum
2215 3599 2566 3656 aedificiumve
2592 3621 2704 3656 sus-

1622 3679 1831 3744 picione
1856 3696 1957 3730 uon
1979 3688 2152 3746 tango.
2182 3681 2354 3749 Lego,
2378 3678 2672 3735 editionibus
2687 3702 2705 3734 .·

1625 3757 1994 3806 convenienter
2031 3772 2150 3808 sane
2192 3760 2258 3809 ad
2299 3762 2458 3810 Drusi
2507 3772 2712 3812 mores:

1627 3834 1766 3882 Nam
1795 3834 2076 3898 Editiones,
2098 3837 2127 3866 *
2161 3841 2260 3887 διο.
2293 3839 2502 3903 Lipsius.

1693 3910 1828 3958 Cu».
1852 3915 1932 3960 38.
1987 3914 2030 3960 Ε
2061 3915 2351 3977 primoribus
2381 3916 2716 3983 Macedonica}

1628 3987 1868 4036 Forsitan
1891 3988 2142 4053 scriptum
2175 3998 2289 4042 erat
2311 4007 2337 4041 e
2369 4007 2450 4056 pr.
2476 3994 2711 4044 Macedo-

1627 4064 1743 4123 πίω,
1787 4063 1886 4113 hoc
1921 4072 2020 4126 est,
2057 4081 2082 4115 e
2102 4069 2348 4130 provincia
2381 4070 2708 4121 Macedonioe.
2800 4125 2806 4129 ,
2840 4062 2848 4078 '

1629 4139 1889 4188 Muretus.
1978 4142 2288 4193 Quasi-non
2321 4143 2616 4194 Suetonius
2655 4146 2720 4194 in.

1631 4215 1860 4266 Octavio
1891 4221 1973 4267 79.
2013 4220 2028 4246 ‘
2056 4219 2131 4269 Ut
2163 4220 2372 4283 quidam
2397 4236 2430 4271 e
2470 4224 2724 4286 primori-‘

1631 4293 1731 4343 bus
1783 4291 2073 4346 Galliarum*
2122 4294 2390 4350 confessus
2443 4300 2518 4351 sit
2541 4307 2546 4313 “
2566 4301 2722 4353 inter
