3009 4942
781 413 929 462 mn.
957 411 1076 466 τιν.
1099 411 1288 461 esp.
1334 396 1445 462 59.
1494 412 1932 463 ΑΝΝΑΜΠΜ.

242 554 356 609 tum
397 549 508 611 sibi,
539 549 802 615 placuisse
852 550 1138 616 respondit,
1178 551 1316 615 quod

241 626 536 690 didicisset,
558 629 630 677 ibi
654 643 861 693 quoque
881 629 1115 678 homines
1150 630 1280 687 mori
1301 647 1314 678 :

241 712 300 759 ut
346 705 489 755 idem
542 706 844 757 Ammianus
900 708 1085 763 refert.
1155 709 1316 772 Apud

240 799 398 850 quem
443 786 628 846 Roma,
659 785 673 811 ‘
697 786 835 835 Urbs
870 783 1107 849 aeterna‚'
1138 787 1317 850 saepis-

242 862 373 923 sime
426 862 757 925 appellatur:
796 861 1083 926 eodemque
1128 878 1320 927 cogno·

239 944 421 993 mento
459 939 595 1001 apud
613 939 729 990 Jcc.
769 945 825 989 et
863 938 1000 988 illius
1032 939 1131 988 aevi
1155 940 1320 1005 scrip-

245 1021 412 1073 tores·
481 1015 711 1065 Pichena.

307 1091 371 1140 In
394 1091 658 1145 concionem
680 1092 949 1142 nunciatum
960 1091 1119 1158 foret]
1184 1093 1318 1145 Aliis

244 1167 526 1231 legendum
555 1168 848 1233 videbatur,
866 1170 918 1219 in
939 1170 1174 1234 concione,
1201 1187 1318 1221 cum

242 1244 415 1293 nullus
439 1244 492 1291 in
515 1244 612 1293 hoc
637 1246 828 1294 nuncio
838 1250 1009 1295 motus
1032 1253 1318 1311 appareat:

245 1326 423 1371 tamen
449 1321 662 1383 vulgata
694 1321 855 1371 etiam
887 1323 1046 1374 lectio
1083 1330 1229 1374 recte
1262 1339 1319 1373 se

240 1396 425 1449 habet.
481 1398 638 1460 Nam,
677 1400 950 1450 nunciatum
1012 1401 1125 1455 fere
1177 1402 1318 1451 idem

240 1487 303 1535 ac
330 1474 610 1537 perlatum.
682 1475 911 1526 Pichena.

311 1549 443 1606 Quia
462 1551 672 1614 Lepidus
691 1552 792 1616 ipse
812 1553 954 1615 diligi
981 1554 1056 1618 se]
1118 1550 1318 1616 Scribe,

243 1626 388 1688 diligi
424 1642 457 1675 a
496 1642 563 1676 se.
615 1629 907 1680 Mercerus.
964 1631 1208 1681 Muretus
1244 1637 1319 1678 ta·

244 1718 363 1755 men
429 1718 612 1753 vocem
671 1705 881 1770 Lepidus
942 1707 1173 1769 delebat,
1216 1706 1319 1756 alio

248 1795 441 1831 sensu:
482 1786 725 1846 tanquam
756 1784 871 1848 ipse
893 1785 1076 1835 Vibius
1093 1785 1320 1847 Marsus,

247 1858 334 1922 qui
382 1857 449 1906 de
492 1859 670 1923 legato
711 1875 871 1924 super
902 1876 1170 1910 numerum
1203 1875 1319 1910 cen·

249 1942 449 1998 suerat,
476 1951 532 1985 se
558 1937 702 2002 diligi
725 1938 983 1988 abnuerit.
1051 1940 1122 1987 Et
1142 1938 1320 1989 hercle

246 2018 429 2061 movet
484 2011 537 2061 in
591 2013 721 2063 hanc
777 2015 1092 2065 sententiam
1136 2014 1322 2064 vocula

246 2087 366 2169 ipse,
389 2104 508 2154 quae
534 2089 577 2137 si
602 2090 669 2140 de
695 2091 898 2156 Lepido
922 2092 1196 2156 capienda,
1218 2105 1321 2141 non

246 2165 464 2215 videtur
505 2167 746 2218 addenda
795 2170 1091 2219 necessario
1144 2167 1320 2221 fuisse.

245 2238 365 2291 Nisi
392 2251 566 2295 tamen
591 2245 771 2308 aliquis
794 2246 948 2294 etiam
988 2246 1089 2309 ipso
1128 2243 1321 2295 audeat

246 2326 489 2370 mutare:
535 2323 598 2370 Et
640 2323 751 2385 quia
794 2323 1004 2387 Lepidus
1043 2324 1144 2386 ipso
1178 2322 1322 2387 diligi

244 2387 277 2444 a
296 2411 366 2457 se,
391 2396 442 2445 id
468 2403 549 2447 est
574 2413 605 2447 a
640 2414 695 2448 se
720 2399 833 2462 ipso
858 2399 1025 2463 diligi.
1094 2399 1320 2448 Omnino

247 2471 291 2522 si
321 2473 423 2536 ipse
446 2473 513 2522 de
552 2476 750 2540 Lepido
785 2477 981 2526 dictum
1012 2483 1168 2538 esset,
1209 2476 1320 2525 dix-

246 2549 378 2621 isset
403 2551 575 2617 potius
592 2553 844 2615 Tacitus:
887 2556 951 2603 Et
984 2554 1094 2618 quia
1114 2554 1324 2617 Lepidus

249 2625 307 2674 ab
332 2641 382 2674 se
418 2627 620 2690 diligere
657 2646 741 2692 per
775 2631 1052 2679 modestiam
1073 2629 1323 2679 abnuebat.

250 2702 418 2754 Venit
455 2704 507 2771 in
548 2713 773 2757 mentem
819 2709 921 2771 ipse
960 2706 1152 2757 mutari
1174 2720 1324 2770 posse

187 2783 197 2791 ‘
252 2774 310 2828 ab
333 2795 402 2843 se,
437 2787 492 2830 et
533 2783 830 2832 concinnari
877 2784 1028 2833 aliter
1064 2783 1226 2839 verba
1271 2783 1323 2832 in

251 2855 390 2905 hunc
433 2856 670 2907 modum:
709 2860 779 2907 Et
821 2860 935 2923 quia
983 2861 1191 2925 Lepidus
1225 2860 1325 2923 ipse

254 2933 398 2995 diligi
442 2934 577 2999 quasi
617 2952 703 2999 per
746 2938 1025 2987 modestiam
1078 2936 1325 2986 abnuebat.

259 3012 411 3068 Quasi
449 3013 624 3075 perire
659 3012 961 3064 fao-inimum
999 3012 1115 3066 fuit.
1179 3014 1327 3063 Nihil

257 3094 429 3139 tamen
449 3089 657 3142 definio.
691 3092 952 3141 Acidalius.
988 3091 1203 3141 Rectius
1221 3091 1326 3143 Ms-

258 3167 329 3215 Et
363 3168 477 3231 quia
512 3169 719 3232 Lepidus
757 3170 857 3233 ipse
896 3168 1103 3231 deligere
1121 3184 1209 3233 per
1230 3185 1326 3218 mo-

255 3244 459 3294 destiam
479 3244 727 3296 abnuebat.
798 3246 1049 3295 Pichena.

283 3384 290 3391 ‘
323 3324 463 3377 CAP.
486 3330 567 3376 5⁷.
603 3327 808 3377 Tandem
845 3328 1010 3376 Caesar
1046 3327 1098 3374 iu
1125 3327 1327 3390 Campa-

256 3400 410 3465 niam]
478 3403 683 3466 Lipsius
728 3403 873 3467 legit,
927 3406 1118 3454 tandem
1163 3406 1328 3455 Caesar

256 3478 320 3528 iit
346 3479 674 3542 Campaniam.
739 3482 853 3544 Ego
884 3482 1056 3545 potius
1089 3479 1329 3531 credide·

258 3556 374 3629 rim,
395 3554 553 3605 facile
587 3557 898 3623 subintelligi
925 3574 1074 3622 posse
1097 3558 1332 3620 verbum,

258 3631 625 3697 proficiscitur.
658 3634 743 3683 Sic
778 3635 891 3684 Cic.
923 3635 987 3683 ad
1012 3634 1129 3684 Att.
1161 3636 1177 3662 ⁴
1204 3634 1330 3684 inde

258 3711 432 3774 cogito
458 3711 511 3758 in
531 3711 915 3761 Tusculanum.'
952 3713 1177 3763 Pichena.

320 3789 469 3851 Apud
506 3788 702 3851 Nolam]
767 3789 912 3843 Loco
951 3790 1041 3839 ubi
1080 3798 1330 3842 mortuus.

258 3860 363 3917 Adi
384 3864 615 3914 Dionem
638 3865 673 3912 l.
699 3879 808 3915 Lvl.
832 3865 885 3913 iu
906 3872 1139 3916 extremo
1160 3883 1172 3915 :
1207 3868 1330 3917 Sue·

260 3939 460 3996 lonium
484 3955 533 3988 c.
557 3944 639 3990 40.
671 3941 877 4004 Lipsius.

325 4014 429 4064 Sex
478 4020 639 4078 postea
678 4015 846 4079 annos]
916 4018 1158 4068 Errorem
1199 4016 1331 4066 Plu-

258 4091 430 4149 tarchi
453 4107 555 4153 non
579 4093 865 4156 dissimulo,
904 4101 995 4143 aut
1037 4093 1208 4157 potius
1245 4109 1333 4142 ex-

256 4168 552 4232 scriptoriS,
597 4170 799 4219 Libello
854 4170 919 4218 de
976 4171 1186 4220 exsilio:
1246 4170 1336 4220 ubi

257 4244 454 4308 legitur
494 4247 740 4295 Tiberius
796 4256 999 4311 septem
1046 4248 1192 4297 annis
1236 4247 1334 4296 Ca·

257 4336 413 4389 prcus
435 4322 771 4371 inhabitasse.
804 4323 986 4372 Verba
1005 4330 1162 4387 sunt3
1199 4321 1335 4380 Τιβέ-

259 4419 357 4467 ριος
393 4400 450 4452 δὲ
492 4405 679 4468 Kaib'ap
716 4403 768 4453 ἐν
806 4400 1046 4466 Καπρέαις
1091 4403 1213 4454 ἑπτὰ
1249 4402 1334 4463 ἔτη

2274 398 2453 475 3919

1389 552 1582 619 διῃτήθη
1616 555 1759 620 μοχρὶ
1797 557 1885 615 τῆς
1916 557 2162 615 vasoriis.
2226 557 2455 609 Falsum.

1394 633 1508 693 Nec
1542 633 1748 695 juverit
1790 649 1928 697 eum,
1969 634 2103 697 quod
2137 647 2240 683 nou
2278 635 2461 686 statim

1393 709 1621 773 Capreas
1657 712 1893 761 secessit·
1949 712 2051 761 Vix
2073 712 2282 761 enimin
2307 713 2458 766 Cam.-

1391 787 1548 850 pania
1589 788 1742 838 haesit
1783 788 2106 838 dimidiatum
2146 803 2353 852 annum,
2398 796 2461 840 ut

1391 863 1559 928 liquet
1594 880 1660 915 ex
1705 866 1948 916 Cornelio
1986 871 2183 915 nostro.
2250 866 2463 915 Damna

1393 955 1518 1002 ergo
1559 941 1855 1004 lectionem,
1904 941 2003 990 nisi
2044 941 2205 990 mavis
2251 941 2461 990 Pluton

1393 1017 1565 1080 chum,
1597 1024 1651 1067 et
1675 1018 1858 1082 scribe,
1890 1016 2020 1081 δέκα,
2059 1018 2143 1068 vel
2164 1015 2329 1067 ἕνδεκα
2349 1016 2463 1077 {vn-2

1393 1096 1562 1146 Etiam
1600 1097 1655 1145 in
1695 1097 1932 1147 Suetonii
1972 1099 2109 1160 loco,
2145 1098 2236 1148 ubi
2273 1097 2339 1147 de
2362 1098 2461 1151 bac

1394 1172 1651 1236 absentia,
1691 1173 2009 1236 adhaeresco,
2061 1189 2108 1224 c.
2146 1178 2229 1224 51.
2263 1173 2278 1200 ⁴
2320 1173 2469 1227 Toto,

1393 1249 1601 1313 quidem
1628 1250 1871 1315 triennio,
1910 1266 2013 1316 quo
2045 1250 2257 1301 vivente
2292 1255 2463 1300 matre

1390 1323 1581 1389 abfuit,
1614 1328 1773 1377 semel
1812 1329 2017 1379 omnino
2048 1343 2184 1391 eam,
2218 1342 2317 1378 nec
2353 1343 2460 1378 am-

1391 1402 1526 1466 plius
1548 1417 1705 1467 quam
1745 1418 1848 1453 uno
1884 1404 1989 1467 die,
2024 1418 2089 1454 ac
2133 1400 2458 1468 paucissimis

1391 1480 1525 1530 vidit
1560 1480 1696 1529 horis
1714 1480 1748 1529 :'
1784 1487 1840 1531 et
1870 1481 2067 1543 malim,
2092 1485 2204 1530 toto
2230 1480 2459 1532 biennio·

1393 1555 1646 1618 Egressus
1702 1557 1842 1606 enim
1901 1556 2136 1606 Tiberius
2192 1554 2296 1606 fine
2339 1556 2460 1607 anni

1391 1635 1505 1680 779.
1539 1630 1668 1681 obiit
1709 1631 1797 1680 illa
1829 1631 2087 1695 principio
2126 1631 2246 1681 anni
2281 1635 2362 1682 82.
2398 1637 2460 1681 ut

1392 1723 1458 1758 ex
1478 1710 1667 1759 Tacito
1692 1711 1902 1760 clarum.
1960 1709 2080 1760 Non
2097 1722 2223 1773 ergo
2245 1709 2462 1760 fuerunt

1393 1787 1531 1859 inter
1556 1785 1654 1835 toti
1678 1791 1785 1835 tres
1808 1786 1947 1836 anni.
2013 1786 2166 1836 Ideni.

1464 1860 1651 1925 Quippe
1693 1861 1768 1910 illi
1814 1861 2136 1925 praegracilis]
2169 1859 2199 1889 ⁴*
2244 1859 2467 1910 subtiles.

1395 1938 1659 1995 tumor-esst
1724 1938 1788 1987 Iu
1833 1939 1984 2002 cujus
2025 1938 2199 1989 verbis
2243 1938 2461 1989 vitiumt

1396 2015 1520 2079 quid
1542 2014 1679 2062 enim
1699 2019 1781 2063 est
1804 2014 2008 2064 subtilis
2044 2014 2250 2065 tumor?
2314 2012 2463 2063 Libri

1396 2092 1599 2156 aliquot
1644 2090 1922 2141 Pulmanni
1977 2090 2159 2151 nostri,
2199 2089 2347 2139 subiti
2386 2095 2465 2139 tu·

1394 2183 1571 2221 mores.-
1603 2167 1765 2219 uihilo
1788 2167 1989 2218 melius.
2053 2167 2130 2217 At
2150 2177 2207 2217 tu
2227 2181 2310 2233 me
2327 2165 2463 2217 duce

1394 2244 1586 2305 scribe,
1627 2243 1832 2293 substilli
1869 2247 2107 2301 tumorem
2156 2243 2242 2291 vel
2286 2242 2467 2306 etiam,

1394 2321 1640 2371 sub-stilles.
1709 2321 1833 2370 Non
1868 2320 2042 2384 potuit
2075 2319 2236 2384 magis
2257 2317 2465 2382 aptiore

1398 2398 1558 2448 verbo
1631 2392 1851 2461 exprimi
1922 2397 2095 2460 liquor
2167 2395 2462 2458 saniesque,

1396 2490 1511 2539 quae
1549 2475 1603 2523 in
1636 2474 1885 2538 ejusmodi
1924 2473 2210 2523 tumoribus
2248 2471 2467 2521 minuta-

1397 2551 1490 2603 tim
1538 2551 1718 2600 stillat.
1785 2551 1872 2599 Ita
1925 2550 2229 2599 Substillum
2283 2548 2471 2610 Festa,

1397 2633 1604 2691 tempus
1633 2632 1754 2676 ante
1792 2632 2016 2690 postque
2053 2624 2301 2688 pluviam,
2326 2622 2465 2686 quod

1387 2702 1497 2766 jam
1538 2704 1767 2753 stillaret
1808 2708 1901 2755 aut
1940 2702 2167 2751 nondum
2209 2699 2475 2753 desiisset.

1397 2783 1743 2833 Tertullianus
1765 2798 1779 2830 ε
1814 2781 1829 2808 ‘
1855 2780 1966 2830 Aut
2002 2779 2192 2829 imbres
2213 2782 2390 2838 ruunt,
2410 2782 2471 2829 et

1400 2859 1442 2909 si
1476 2874 1579 2924 qua
1601 2858 1814 2909 missilia
1842 2873 1959 2908 cum
1984 2856 2254 2918 imbribus,
2278 2854 2475 2904 dehine.

1400 2937 1714 2998 substillum,
1750 2944 1807 2987 et
1844 2936 2017 2984 denuo
2051 2933 2271 2982 sudum.’
2334 2931 2466 2983 Cato

1401 3015 1488 3065 De
1505 3029 1562 3063 re
1586 3015 1796 3077 rustica,
1818 3013 1871 3063 in
1894 3011 2195 3076 Stranguria
2217 3016 2434 3074 usurpat
2452 3027 2471 3063 ε

1399 3090 1413 3116 ‘
1441 3091 1490 3140 N
1497 3105 1596 3139 unc
1622 3090 1687 3138 de
1714 3090 1776 3139 iis
1800 3089 1983 3154 quibus
2009 3103 2149 3151 aegre
2188 3088 2371 3137 lotium
2401 3088 2465 3151 it,

1402 3165 1690 3230 quibusque
1715 3164 2003 3217 substillum
2024 3163 2140 3213 est!
2206 3163 2420 3226 Lipsius.

1474 3244 1696 3291 Ulcerosa
1742 3241 1920 3304 facies]
1985 3242 2226 3293 Julianus
2264 3242 2318 3288 in
2359 3240 2474 3289 Cae-

1402 3318 1632 3368 saribns:
1669 3315 2064 3382 Ἐπιστραφέντος
2107 3315 2158 3366 δὲ
2196 3315 2312 3380 πρὸς
2332 3313 2469 3365 καθέ-

1403 3399 1516 3460 δραν
1547 3397 1772 3459 ὤφθησαν
1813 3395 2005 3447 ἀπειλαὶ
2046 3395 2171 3444 κατὰ
2201 3392 2287 3443 τὸν
2322 3395 2479 3443 νῶτον

1401 3472 1577 3538 μυρίαι,
1620 3471 1847 3539 navi-ipis
1881 3492 2005 3524 τινες
2044 3472 2124 3522 καὶ
2160 3471 2373 3534 ξέσματα
2393 3469 2479 3521 καὶ

1403 3551 1590 3613 πληγαὶ
1619 3550 1833 3614 χαλεπαὶ
1871 3550 1950 3600 καὶ
1984 3550 2212 3612 μώλωπες
2252 3550 2344 3599 ὑπὸ
2382 3551 2471 3608 τῆς

1404 3629 1693 3695 &annanias
1715 3628 1792 3678 καὶ
1811 3628 2050 3690 ὠμότητος
2065 3626 2213 3692 ἠΰραί
2250 3646 2375 3678 τινες
2394 3625 2476 3677 καὶ

1410 3710 1610 3771 λιχῆνες
1631 3705 1729 3755 οἷον
1752 3704 2099 3768 ἐκκεκαυμέναι.
2163 3705 2408 3755 Aurelius.

1471 3787 1607 3835 CAP.
1632 3790 1715 3834 58.
1782 3785 1939 3848 Eques
1981 3783 2245 3846 Romanus]
2310 3781 2479 3845 Aliae,

1407 3863 1582 3912 Nullus
1600 3876 1737 3925 eques
1765 3862 2017 3910 Romanus.
2087 3861 2373 3909 Ferrettus.

1478 3940 1646 3989 Ferme
1686 3937 1873 4001 Graeci]
1940 3937 2281 3987 Convictores
2325 3935 2476 3984 Graa-

1406 4017 1533 4079 culi,
1575 4017 1759 4082 quibus
1810 4014 2034 4064 maxime
2090 4011 2479 4078 acquiescebat,

1408 4095 1552 4145 Zeno
1628 4095 1824 4145 Dorice
1912 4094 2149 4156 loquens,
2222 4089 2475 4151 Seleucus

1410 4171 1813 4222 Grammaticus.
1847 4172 1991 4221 Suet.
2011 4184 2057 4217 c.
2077 4173 2159 4217 56.
2232 4167 2477 4217 Muretus.

1477 4247 1706 4309 Causam]
1755 4247 1841 4295 An
1863 4243 2058 4297 casum?
2105 4243 2342 4297 Freinsh.

1476 4326 1612 4377 CAP.
1635 4328 1717 4373 59.
1777 4323 1920 4386 Villa,
1952 4320 2030 4373 cui
2055 4321 2325 4373 vocabulum
2361 4317 2478 4382 Spe·

1411 4401 1584 4466 luncoe]
1605 4400 1636 4431 ³*
1656 4402 1710 4451 in
1727 4400 2077 4451 Occidentem
2095 4395 2276 4449 tenet.'
2320 4395 2476 4447 Cete-
