3009 4942
448 394 627 470 8822

452 557 635 610 eadem
666 556 932 608 literarum
963 555 1259 619 metathesi,
1288 567 1409 620 quse
1448 554 1518 604 si

452 635 719 689 millimnm
740 634 982 684 mendum
1011 633 1272 697 adspersit
1303 633 1514 682 Strabo-

453 713 534 765 nis
548 713 716 763 locol.
739 715 819 762 13.
834 710 922 761 ubi
944 710 1011 760 de
1031 710 1282 774 Pompeio
1295 711 1510 760 Macro·

446 788 555 841 ὐἱόν
567 807 624 838 τε
633 786 834 838 ἀπέλιπε
842 787 895 854 (ὁ
905 785 1170 850 Θεοφάνης)
1179 784 1369 849 Μάρκον
1384 793 1512 847 Πομ,-

452 865 605 925 πήῖον·
636 866 979 929 Theophanes
985 864 1151 930 filium
1169 864 1362 926 reliquit
1378 864 1513 915 Mar·

453 959 561 993 cuns
625 941 924 1006 Pompeiam.-
984 939 1313 990 scribendum
1376 940 1514 989 enim

455 1017 663 1082 Μάκρον.
751 1017 892 1067 Hinc
946 1030 1092 1066 soror
1144 1015 1294 1079 hujus
1348 1015 1516 1066 nostri

440 1094 699 1169 ‘praetoris
736 1093 896 1158 (idem
942 1092 1078 1142 euim
1139 1090 1244 1155 est)
1290 1092 1516 1157 Pompeia

456 1172 680 1222 Maon-ina
735 1176 952 1219 vocatur
992 1182 1071 1219 vr.
1117 1173 1197 1218 18.
1284 1170 1517 1220 Quorum

455 1263 608 1298 avum
647 1240 820 1310 potius
842 1246 1230 1309 Theophanem,
1267 1259 1421 1309 quam
1460 1251 1519 1294 ut

453 1322 529 1373 ibi
552 1323 815 1385 scribitur,
831 1337 1054 1385 proavum
1069 1322 1207 1371 ratio
1228 1328 1519 1384 temporum

455 1400 664 1449 videtur
685 1399 944 1448 evincere.
979 1396 1350 1446 Freinshemius.

528 1477 771 1537 Carmina,
807 1475 999 1524 incertis
1035 1472 1325 1536 auctoribus]
1358 1472 1519 1521 Intel-

456 1552 589 1616 legit
625 1566 689 1602 ea
724 1552 840 1615 ipsa
879 1550 1109 1600 carmina
1149 1563 1267 1614 quae
1306 1542 1519 1599 exsssnt

456 1628 724 1690 Suetonio,
745 1642 793 1676 c.
817 1632 896 1676 59.
930 1627 1136 1690 Lipsius.

527 1707 874 1755 Gravissimum
922 1704 1148 1767 exitium]
1203 1704 1400 1754 Seneca
1455 1704 1523 1753 de

458 1782 692 1834 Benefic.
724 1782 741 1810 ‘
762 1783 871 1832 Sub
891 1782 1101 1832 Tiberio
1123 1779 1225 1831 fuit
1246 1780 1523 1831 accusandi

458 1858 701 1924 frequens
721 1872 781 1908 ac
804 1872 952 1922 paene
974 1857 1178 1921 publica
1200 1857 1388 1920 rabies,
1408 1873 1524 1922 quae

460 1939 599 1987 omui
620 1937 759 1987 civili
780 1937 917 1986 bello
940 1937 1145 2000 gravius
1173 1949 1336 2001 remp.
1362 1935 1523 1986 afflix-

461 2013 541 2065 it!
574 2016 724 2064 Idem.

463 2142 470 2147 ,
529 2091 663 2140 Car.
680 2095 763 2140 73.
788 2090 974 2138 Nomen
985 2086 1223 2151 Aug-nti]
1238 2088 1419 2138 Malim
1437 2089 1524 2138 hic

459 2168 638 2232 legere
660 2182 827 2216 numen
842 2182 863 2224 ,-
885 2171 940 2214 et
952 2165 1065 2215 vice
1088 2179 1241 2215 versa
1261 2165 1330 2215 H.
1351 2180 1413 2215 11.
1440 2170 1522 2215 33.

463 2245 650 2295 Nomen
674 2244 895 2305 Othonis,
918 2242 1004 2292 ubi
1026 2256 1201 2292 numen
1218 2248 1316 2292 est.
1355 2242 1527 2293 Frein-

460 2322 680 2372 shemius.
1402 2385 1411 2391 .

528 2398 734 2462 Scripsit
748 2396 1032 2461 consulibus]
1063 2398 1222 2448 Errat
1236 2396 1396 2464 igitur
1416 2397 1526 2449 Dio

463 2473 567 2524 fine
590 2474 626 2525 l.
651 2488 782 2524 nvn.
807 2474 895 2538 qui
916 2475 992 2524 ait
1010 2473 1279 2524 Tiberium
1302 2476 1525 2524 voluisse

463 2549 693 2601 damnari
717 2564 835 2599 eum
871 2551 961 2615 qui
983 2556 1202 2600 statuam
1224 2566 1340 2600 cum
1363 2551 1527 2600 hortis

462 2627 784 2677 vendidisset
802 2618 825 2675 τ’
852 2627 943 2677 sed
960 2627 1229 2678 obstitisse
1244 2627 1526 2693 pudorem:

466 2704 588 2770 quia
609 2703 804 2767 primus
826 2719 856 2752 a
880 2703 1090 2753 consule
1114 2703 1425 2753 seutentiam
1449 2719 1529 2754 ro·

465 2785 618 2844 gatus
639 2786 791 2829 esset.
846 2780 986 2829 Nam
1007 2779 1268 2844 Tiberius,
1287 2785 1347 2829 ut
1368 2780 1533 2847 vides,

464 2869 570 2906 non
592 2853 849 2906 interfuit.
883 2855 1099 2920 Lipsius.

533 2934 668 2986 CAP.
698 2939 781 2985 74.
814 2936 1080 2986 Proetorem
1121 2935 1389 3001 Bithynice]
1441 2937 1531 2988 De

465 3011 724 3077 scriptura
751 3012 971 3076 ambigit
1006 3013 1143 3063 sidus
1164 3013 1401 3064 exoriens
1426 3028 1532 3066 suae

468 3088 660 3140 Galliae
680 3088 790 3139 Jos.
813 3089 1115 3138 Mercerus:
1142 3104 1239 3139 nec
1274 3089 1342 3139 de
1358 3091 1533 3143 nihilo.

428 3210 437 3215 ,
467 3160 760 3213 Praetorem
782 3163 1045 3229 Bithynia
1085 3164 1192 3213 ait:
1240 3179 1409 3219 nonne
1444 3167 1533 3216 de·

465 3238 668 3291 buisset
687 3236 1053 3290 Proconmcem?
1086 3241 1156 3291 Et
1178 3254 1234 3289 re
1256 3241 1462 3305 quidem
1477 3249 1535 3293 et

468 3330 537 3366 ex
575 3330 716 3365 vero.
794 3317 932 3365 Nam
969 3317 1236 3382 Bithynia,
1279 3318 1532 3379 divisione

468 3391 699 3457 Augusti
715 3392 853 3442 inter
874 3407 965 3442 eas
987 3394 1276 3457 provincias
1295 3409 1410 3458 quae
1440 3395 1532 3445 Se-

467 3470 619 3520 natui
636 3475 693 3519 et
718 3468 912 3534 populo
934 3471 1166 3521 relictae:
1216 3470 1270 3520 id
1295 3477 1396 3536 est,
1414 3488 1533 3537 pro-

470 3549 786 3599 consulares.
863 3549 986 3612 Dio,
1029 3556 1086 3600 et
1121 3551 1325 3601 Strabo.
1392 3551 1533 3603 Quid

468 3623 678 3679 dicam?
706 3625 985 3688 Vulgatam
1006 3625 1145 3675 haud
1170 3632 1336 3690 tuear,
1367 3626 1469 3676 nisi
1490 3627 1536 3677 si

470 3698 596 3765 quid
608 3706 730 3765 post
759 3699 1054 3765 Augustum
1086 3700 1141 3750 in
1177 3716 1242 3751 ea
1271 3716 1329 3751 re
1367 3707 1534 3752 muta·

471 3774 759 3841 tum,!quod
776 3777 1019 3827 observes
1031 3778 1171 3827 haud
1187 3780 1361 3830 semel.
1383 3780 1534 3832 Idem.

541 3853 861 3914 Qwifomam
889 3853 1006 3903 υἱέι·
1033 3853 1165 3918 iniit]
1200 3855 1321 3905 Non
1344 3855 1536 3922 Hispo,

472 3929 570 3981 sed
614 3930 902 3994 Crispinus,
945 3932 1011 3981 de
1047 3946 1147 3996 quo
1181 3924 1533 3997 potissimum:

471 4005 632 4070 idque
668 4021 735 4057 ex
788 4007 1123 4073 sequentibus
1167 4013 1347 4074 patet:
1403 4009 1420 4037 ‘
1443 4009 1538 4060 sed

474 4082 785 4135 Marcellum
828 4084 1161 4136 insimulabat
1175 4083 1208 4136 :’
1219 4128 1225 4135 .
1258 4086 1374 4151 ipse
1407 4087 1538 4137 scili·

478 4165 569 4210 cet
594 4160 861 4225 Crispinus
893 4167 1182 4213 accusator.
1245 4162 1394 4214 Idem
1418 4163 1542 4213 alibi

476 4233 534 4284 in
552 4235 735 4286 Tacito
754 4237 1057 4292 observavi:
1091 4245 1152 4289 ut
1166 4237 1261 4290 lib.
1286 4251 1383 4291 xv.
1404 4237 1422 4265 ‘
1436 4238 1542 4291 Qui

474 4323 799 4383 magnacum
817 4314 1012 4367 invidia
1037 4319 1271 4382 senatum
1290 4314 1540 4368 adeunt.’

1140 410 1360 464 Nomi
1404 410 1810 461 VAmolum
1868 408 1976 459 IN

1586 553 1674 605 ubi
1695 553 1845 617 illud,
1879 553 1982 619 qui,
2000 551 2229 605 refertur
2247 550 2316 604 ad
2343 562 2545 618 vocem,
2564 554 2662 621 pir·

1585 636 1700 695 tres,
1718 646 1819 682 non
1844 632 1910 682 ad
1925 632 2246 683 manumissos.
2279 630 2530 682 Picheua.

1652 710 2031 774 Expaspmbas
2049 708 2245 772 divites]
2285 704 2654 781 Videripossit

1587 800 1619 834 a
1658 786 2026 848 Demosthene,
2063 786 2253 849 Philip.
2293 799 2370 834 ιν.
2428 784 2520 832 Καὶ
2541 774 2653 847 ’γὰρ

1583 860 1764 910 τούτων
1780 861 1868 924 μὲν
1897 864 1951 912 ἐκ
1985 865 2188 924 πτωχῶν
2221 860 2332 910 ἔνιοι
2353 860 2484 922 ταχὺ
2501 859 2652 909 πλού·

1586 955 1681 988 σιοι
1730 938 1977 1003 γεγόνασι,
2030 940 2108 990 καὶ
2153 939 2324 1002 ἀδόξων
2364 932 2546 1002 ἔνδοξοι
2576 933 2655 987 καὶ

1585 1016 1835 1082 ’γνόριμοιε
1886 1018 2017 1068 Nam
2049 1017 2212 1066 horum
2246 1016 2436 1080 quidam
2456 1031 2520 1065 ex
2537 1029 2656 1079 pau-

1582 1093 1775 1157 peribus
1788 1096 1955 1143 statim
1973 1093 2144 1142 divites
2151 1094 2300 1156 sacti,
2324 1097 2370 1140 et
2391 1107 2454 1141 ex
2473 1089 2657 1153 ignobia

1588 1169 1712 1219 libus
1727 1170 1925 1231 gloriosi
1943 1185 1999 1218 ac
2020 1169 2216 1219 nobiles.
2259 1168 2484 1232 Lipsius.

1656 1245 1948 1295 Poenitentia
1984 1247 2169 1308 patiens
2211 1245 2346 1308 tulit]
2425 1243 2657 1293 Faernus

1591 1323 1803 1387 optima,
1823 1330 1885 1371 ut
1921 1322 2146 1385 videtur,
2168 1322 2472 1392 conjectura
2510 1321 2658 1373 resti·

1591 1400 1805 1450 tuebat:
1838 1406 2096 1464 quantoque
2109 1400 2345 1449 incautius
2357 1398 2661 1464 efferbuerat,

1590 1481 1724 1525 tanto
1749 1477 2017 1540 patientius
2053 1477 2187 1539 tulit,
2206 1476 2384 1524 absolvi
2405 1488 2555 1539 reum,
2575 1477 2660 1537 ἔμ’.

1593 1553 1829 1604 Ursinus.
1895 1553 2132 1602 Muretus
2152 1556 2285 1601 tanto
2303 1551 2565 1615 patientius
2577 1555 2661 1598 iu-

1594 1630 1652 1678 lii
1673 1628 1865 1678 absolvi.
1920 1627 2231 1679 concinnius
2253 1629 2349 1676 hoc
2370 1640 2510 1675 saue.
2544 1626 2661 1675 Aci-

1593 1707 1766 1756 aazias.
1799 1707 1920 1756 Non
1941 1706 2017 1755 ita
2032 1706 2196 1754 visum
2214 1703 2420 1764 Tacito,
2440 1702 2523 1752 cui
2542 1717 2661 1767 pre-

1595 1782 1726 1833 tium
1748 1783 1852 1834 fuit
1876 1782 2193 1832 dissimulare
2207 1781 2267 1830 τὸ
2285 1785 2418 1830 tanto
2436 1797 2452 1829 .·
2486 1794 2665 1844 quem-

1596 1859 1873 1910 admodum
1909 1861 2081 1909 solent
2118 1864 2175 1908 et
2212 1858 2380 1907 minus
2415 1855 2665 1906 brevitati

1596 1937 1869 1989 studentes
1888 1943 2008 2002 post
2031 1937 2138 1994 Quo
2169 1943 2226 1986 et
2246 1936 2400 1992 Quam
2421 1935 2662 1984 omittere

1598 2015 1673 2064 Eo
1713 2022 1767 2064 et
1811 2016 1961 2065 Tam.-
2011 2028 2110 2064 nec
2153 2013 2379 2063 leviores
2421 2018 2661 2062 auctores

1596 2099 1824 2155 secutus,
1863 2098 1954 2141 aut
1990 2091 2077 2141 hic
2109 2096 2334 2153 tantum,
2371 2087 2666 2154 prudentiae

1597 2168 1807 2219 lectoris
1829 2167 2223 2233 intelligendum
2257 2167 2471 2231 reliquit
2489 2165 2547 2215 τὸ
2566 2180 2665 2216 ηια-

1593 2245 1691 2307 gis.
1758 2245 1909 2294 Idem
1933 2259 2054 2309 ergo
2080 2259 2258 2294 sensus
2283 2243 2554 2293 verborum
2579 2246 2666 2291 ve·-

1599 2322 1725 2371 teris
1747 2321 2195 2387 scripturae,quasi
2219 2319 2531 2371 haberetur:
2558 2326 2668 2369 tan-

1600 2404 1678 2461 to,
1700 2405 1760 2449 ut
1793 2398 2154 2463 poenitentiam
2191 2395 2539 2446 commotioris
2560 2396 2668 2444 aui-

1601 2475 1670 2525 mi
1693 2475 2031 2540 approbaret,
2050 2472 2213 2538 magis
2233 2473 2440 2538 patiens
2462 2474 2544 2522 vel
2579 2486 2669 2536 pa-

1602 2551 1813 2600 tientius
1835 2552 1975 2602 tulit.
2013 2550 2299 2600 Gronovius.
2539 2602 2544 2605 Α

1665 2626 1745 2677 Aa
1765 2628 2103 2691 reciperatores
2134 2627 2261 2676 itam
2291 2625 2390 2690 est]
2440 2625 2667 2694 *Petrus

1603 2703 1774 2753 Faber
1793 2704 2015 2754 Semest.
2037 2717 2101 2753 11.
2132 2707 2216 2753 35.
2253 2717 2309 2754 se
2349 2714 2670 2770 concoquere

1601 2784 1763 2843 negat
1782 2779 1873 2828 ills
1894 2779 2071 2843 verba,
2087 2779 2339 2844 quamjam
2356 2794 2524 2843 passus
2540 2785 2672 2831 erait

1604 2855 1860 2920 quomodo
1895 2857 2031 2906 enim
2063 2857 2176 2921 jam
2212 2856 2429 2907 subiisse
2465 2869 2670 2921 poenam

1605 2933 1731 2997 dici,
1751 2933 1819 2983 de
1841 2934 1986 2998 cujus
2002 2933 2300 2984 criminibus
2318 2940 2426 2984 tum
2449 2934 2672 2998 primum

1608 3016 1820 3059 senatus
1854 3024 1958 3060 non
1990 3024 2059 3058 ex
2092 3010 2443 3074 appellatione
2468 3008 2673 3073 judica·

1605 3090 1705 3148 ret,
1726 3091 1782 3136 et
1797 3085 2023 3137 nondum
2042 3086 2463 3151 pronuntiasset?
2491 3073 2674 3151 itaque

1605 3162 1728 3212 mali
1743 3164 2048 3227 interpretis
2070 3177 2184 3213 esse
2219 3162 2316 3212 hoc
2356 3161 2674 3212 additamen-

1606 3245 1737 3303 tum,
1761 3246 1817 3290 et
1848 3240 2105 3290 Gruterus
2136 3240 2546 3304 Buchnerusque
2568 3239 2676 3289 lau·

1607 3317 1751 3366 dant.
1814 3317 1918 3367 Sed
1939 3316 2189 3368 falluntur
2210 3334 2224 3367 ε
2259 3333 2379 3366 nam
2402 3330 2468 3366 ex
2490 3316 2674 3367 eadem

1607 3392 1829 3457 epistola
1860 3393 2119 3460 discimus,
2140 3409 2260 3445 cum
2292 3410 2408 3445 sese
2440 3395 2577 3445 ultro
2600 3398 2678 3444 re-

1606 3471 1949 3536 petundarum
1987 3472 2188 3523 Marius
2232 3473 2551 3535 damnasset,
2584 3486 2675 3523 ne·

1608 3562 1707 3614 que
1729 3562 1792 3600 eo
1822 3556 2098 3600 contentus
2133 3556 2271 3600 esset
2309 3549 2540 3611 Plinius;
2591 3563 2680 3598 va-

1604 3626 1763 3677 luisse
1775 3628 2086 3677 sententiam
2098 3627 2131 3679 J
2134 3627 2224 3677 ulii
2233 3627 2444 3677 Ferocis
2456 3625 2678 3679 cos.des.

1609 3703 1626 3731 ‘
1647 3702 1820 3752 Mario
1852 3702 2060 3768 quidem
2075 3702 2283 3767 judices
2317 3702 2527 3752 iuterim
2555 3702 2684 3753 dun·⁸

1610 3777 1737 3841 dos;
1787 3778 2079 3830 evocandos
2103 3787 2296 3842 autem,
2326 3777 2516 3843 quibus
2536 3776 2678 3827 dice·

1612 3862 1757 3907 retur
1774 3856 2130 3907 innocentium
2146 3869 2326 3920 poenas
2343 3852 2683 3907 venditasse!

1612 3932 1861 3996 Elapsum
1883 3936 1966 3982 est
1989 3930 2150 3995 igitur
2182 3930 2374 3996 aliquid
2409 3930 2679 3996 temporis,

1613 4008 1735 4057 dum
1775 4008 1862 4058 isti
1902 4022 1932 4058 e
1967 4007 2234 4073 provincia
2268 4014 2597 4058 arcessuutur
2623 4014 2680 4059 et

1613 4084 1906 4135 ventitant:
1944 4094 2101 4151 atque
2122 4085 2324 4135 interea
2337 4085 2545 4149 judices
2569 4084 2681 4136 dati

1614 4162 1736 4212 lites
1781 4162 2119 4213 aestimarunt.
2187 4161 2327 4212 Hinc
2350 4176 2493 4233 ergo
2531 4169 2680 4215 recte

1616 4237 1808 4288 dicitur
1827 4254 1939 4288 eam
1952 4254 2138 4303 poenam
2146 4238 2251 4299 jam
2265 4226 2455 4307 passus.-
2488 4244 2544 4287 et
2564 4250 2680 4289 sesn-

1617 4314 1783 4375 ientis
1803 4315 2030 4382 Collegae
2068 4314 2189 4377 fuit,
2228 4316 2294 4365 de
2324 4315 2495 4368 Mario
2517 4320 2682 4381 περιΐ-
2747 4385 2761 4399 .
