3009 4942
873 426 1119 491 mass.
1166 431 1333 485 car.
1369 418 1481 489 ¹76.
1524 432 1966 489 Auximum,

306 569 589 645 taedarum
613 579 786 641 pona,
807 589 960 642 quam
993 591 1092 643 per
1112 576 1321 642 judices
1342 590 1376 627 a

304 658 491 703 senatu
518 644 684 703 ‘datos
715 655 825 718 jam
871 656 1203 719 sustinuerat,
1240 659 1374 706 modo

303 727 588 791 consularis,
626 733 761 779 modo
816 734 1070 796 septemvir
1110 734 1374 798 epulonum,

302 819 429 854 nunc
447 809 666 855 neutrum
701 807 843 872 (quae
865 810 1026 859 verba
1049 816 1103 859 et
1125 811 1236 875 ipsa
1260 824 1374 874 par-

304 886 416 930 tem
454 883 629 934 exacti
661 885 902 948 supplicii
932 884 1251 951 significant)
1288 887 1372 936 de-

303 956 432 1011 bere
450 967 686 1010 senatum
704 962 802 1011 sibi
826 962 1145 1014 satisfactum
1169 969 1374 1028 putare.

303 1033 394 1107 At⁴
425 1036 658 1100 crimina,
682 1037 745 1086 de
784 1040 968 1103 quibus
1020 1046 1131 1090 tum
1162 1047 1370 1092 senatus

296 1112 594 1177 judicabat,
615 1122 767 1165 eraut
800 1117 1002 1167 atrocia
1037 1118 1141 1183 illa,
1164 1133 1279 1184 quae
1302 1120 1371 1167 ul·

300 1193 382 1238 tra
417 1194 782 1254 repetundarum
832 1195 981 1256 legem
1024 1195 1369 1259 qsoerebantur.

303 1266 502 1316 Contra
540 1268 844 1320 Marcellum
886 1272 1149 1321 Donatum
1168 1271 1371 1322 faciunt

302 1343 483 1407 etiam,
502 1361 619 1410 quae
657 1347 839 1398 scribit
859 1356 1035 1399 noster
1057 1348 1150 1398 lib.
1186 1363 1264 1399 lv.
1285 1353 1367 1400 22.

301 1421 318 1449 6
345 1419 533 1470 Refert
555 1424 619 1471 ad
642 1432 896 1487 senatum,
916 1426 1158 1490 datisque
1180 1425 1370 1490 judici-

298 1497 396 1547 bus
419 1499 707 1564 Urgulania
731 1502 925 1553 Silvani
957 1504 1073 1553 avia
1093 1504 1369 1568 pugionem

299 1576 484 1639 nepoti
503 1576 677 1627 misit.'
714 1577 997 1629 Gronovius.

369 1652 506 1703 CAP.
538 1657 625 1702 75.
661 1654 765 1703 Nec
792 1662 985 1720 patrum
1020 1657 1367 1721 cognitionibus

298 1729 530 1793 satiatus]
565 1731 840 1782 Suetonius
856 1732 907 1780 iu
918 1733 1088 1784 Tiber.
1106 1739 1189 1784 33.
1219 1736 1234 1762 6
1259 1736 1370 1785 Ma·

304 1806 605 1870 gistratibus
643 1823 739 1872 pro
772 1809 1017 1859 tribunali
1060 1825 1371 1875 coguoscen-

301 1882 437 1945 tibus
462 1885 751 1949 plerunque
769 1900 825 1935 se
846 1884 1102 1936 offerebat
1136 1888 1371 1958 consilia-

302 1962 471 2013 rium!
538 1963 687 2013 Idem
711 1964 778 2019 de
807 1966 1024 2015 Claudio
1048 1970 1128 2016 12.
1195 1968 1210 1995 6
1236 1967 1370 2031 Cog-

299 2039 580 2092 nitionibus
630 2042 1025 2104 magistratuum
1065 2050 1127 2093 ut
1163 2057 1293 2093 unus
1338 2058 1368 2094 e

303 2116 606 2166 consiliariis
620 2115 927 2182 frequenter
937 2118 1211 2170 interfuit!
1228 2121 1371 2173 Pieli.

365 2193 504 2245 Dum
522 2194 719 2243 veritati
739 2196 1021 2261 consulitur]
1066 2197 1268 2246 Ver-itari
1284 2198 1368 2250 hic

297 2270 470 2319 nullus
508 2271 671 2321 locus.
733 2272 917 2323 Scribe
959 2274 1222 2333 severitati.
1290 2275 1372 2325 En

302 2347 439 2395 enim
458 2353 605 2397 recte
627 2348 906 2413 opponitur
924 2351 1168 2414 precibus
1186 2359 1244 2401 et
1265 2367 1371 2402 am·

301 2422 451 2473 bitui.
508 2423 725 2475 Grotius.
793 2427 1036 2477 Forsitan
1080 2429 1178 2478 hoc
1223 2436 1368 2478 recte

297 2515 352 2551 se
374 2499 568 2551 babet:
614 2503 858 2567 inclinem
894 2510 1066 2554 tamen
1098 2512 1158 2557 ut
1198 2506 1368 2568 legam

296 2575 564 2638 severitati,
587 2577 651 2627 ad
675 2593 824 2644 quam
848 2581 1059 2645 proprie
1085 2581 1369 2644 pertinent,

301 2669 416 2719 quae
436 2657 504 2705 ad
522 2668 727 2705 morum
759 2657 1118 2721 integritatem
1152 2657 1369 2708 faciunt.

299 2731 490 2782 Posset
521 2738 696 2781 tamen
733 2734 909 2782 veritos
938 2734 1022 2784 bic
1062 2734 1230 2798 accipi
1272 2748 1369 2798 pro

302 2808 576 2873 aequitate,
599 2808 734 2858 sicut
753 2810 878 2863 alias
900 2825 1060 2859 verum
1082 2825 1177 2874 pro
1200 2825 1367 2875 aequo.

303 2884 582 2948 δευεήιαέἰ,
603 2901 667 2935 eo
702 2900 887 2953 nempe
911 2902 1084 2951 sensu,
1100 2903 1204 2952 quo
1228 2888 1369 2952 apud

301 2962 532 3013 Hirtium
556 2963 622 3013 de
642 2963 767 3015 bell.
788 2964 942 3016 Alex.
960 2980 1078 3028 cap.
1094 2969 1176 3016 28.
1209 2966 1225 2993 6
1247 2980 1369 3029 pau·

299 3038 445 3089 latim
471 3046 648 3101 tamen
669 3048 735 3090 et*
746 3043 954 3092 occulte
968 3043 1244 3092 militarem
1268 3042 1371 3091 dis-

300 3114 550 3180 ciplinam
571 3119 1002 3184 severitatemque
1025 3117 1367 3169 minuebant?

301 3196 357 3263 et
393 3207 515 3256 cap.
551 3197 634 3243 56.
680 3196 695 3221 ‘
719 3196 881 3244 multa
923 3196 1102 3245 Romae
1144 3196 1281 3245 male
1313 3202 1369 3246 et

299 3266 555 3318 inutiliter
573 3270 938 3331 administrari,
957 3287 1073 3336 quae
1090 3271 1367 3321 dissolven-

300 3344 380 3411 dae
417 3344 708 3409 disciplinae
747 3349 1119 3412 severitatique
1160 3349 1367 3399 essent!

303 3420 501 3489 Noster
525 3437 566 3472 1.
605 3428 686 3474 ⁷5.
738 3425 755 3452 6
779 3426 1038 3489 Cupidine
1073 3425 1367 3476 severitatis

297 3498 552 3549 acerbus!
618 3501 777 3550 Solin.
807 3517 923 3567 cap.
945 3506 1025 3552 53.
1090 3503 1107 3530 ‘
1133 3503 1367 3553 Sericum

297 3572 350 3624 in
375 3590 525 3625 usum
560 3577 824 3640 publicum
858 3577 1046 3628 damno
1076 3580 1368 3630 severitatis

300 3649 617 3701 admissum.'
655 3653 1026 3704 Freinshemius.
1084 3655 1276 3721 Neque
1297 3656 1368 3705 le-

300 3728 525 3801 gendum
556 3729 821 3791 severitati,
862 3743 1030 3796 neque
1073 3732 1250 3781 ver-itas
1290 3736 1370 3781 est

303 3803 524 3868 aequitas
543 3803 651 3855 sive
690 3802 924 3870 ἐπιείκεια,
945 3806 1035 3854 sed
1061 3807 1369 3870 simpliciter

293 3874 523 3944 justitia,
543 3885 796 3932 sanctitas
818 3890 874 3933 et
893 3884 1168 3949 integritas
1183 3886 1371 3950 judici-

301 3972 464 4008 orum.
504 3958 692 4009 Cicero
715 3975 812 4024 pro
837 3961 1002 4013 Coelio
1021 3978 1041 4012 ·.
1071 3964 1086 4026 6
1112 3962 1370 4028 Equidem

300 4050 391 4086 vos
414 4026 671 4086 abducam
695 4053 726 4086 a
747 4038 987 4103 testibus,
1018 4054 1186 4103 neque
1220 4040 1371 4104 hujus

300 4111 578 4161 veritatem
609 4113 816 4176 judicii,
848 4129 959 4178 quae
1001 4115 1190 4165 mutari
1229 4116 1371 4166 nullo

303 4188 455 4255 modo
494 4195 690 4252 potest,
733 4191 785 4238 in
831 4192 1097 4242 voluntate
1159 4194 1373 4249 testium

300 4256 548 4339 collocari
610 4265 809 4316 sinam!
888 4267 1005 4318 Lib.
1048 4282 1086 4319 1.
1128 4268 1182 4317 in
1216 4270 1369 4320 Verr.

300 4332 427 4393 ‘Sin
455 4331 609 4415 istius
624 4341 882 4413 ,ingentes
916 4343 1112 4397 divitiae
1142 4345 1371 4415 judicio-

1448 588 1562 626 rum
1604 576 1908 641 religionem
1930 581 1987 628 et
2020 578 2294 631 veritatem
2315 579 2514 645 perfre-

1450 651 1660 716 gerint!
1728 652 1843 703 Lib.
1879 668 1932 703 v.
1957 652 2086 705 fine:
2135 657 2151 683 6
2176 655 2219 704 si
2254 656 2407 711 ullam
2437 657 2525 724 nd⁸

1448 743 1578 790 rem,
1619 729 1718 778 nisi
1755 729 1821 779 ad
1864 729 2088 781 officium
2125 738 2181 783 et
2217 734 2520 800 veritatem,

1448 821 1625 855 omnes
1647 821 1776 857 meoe
1812 822 1969 870 curae,
2004 809 2212 873 vigiliae,
2244 810 2514 874 cogitatio-

1447 898 1641 948 nesque
1663 884 2032 935 elaborarunt)
2099 887 2290 936 Noster
2311 886 2402 937 lib.
2424 901 2526 945 ιιι.

1447 962 1462 988 6
1488 969 1741 1026 quatenus
1755 962 1960 1011 veritati
1977 967 2032 1010 et
2055 962 2365 1013 innocentiae
2378 978 2510 1016 meas

1447 1050 1696 1101 nusquam
1720 1038 1861 1087 locus
1886 1036 1998 1087 est?
2050 1037 2162 1090 Lib.
2195 1052 2272 1088 ιν.
2304 1040 2320 1066 6
2343 1054 2510 1105 neque

1448 1113 1743 1179 Philippum
1769 1115 2019 1178 potentia,
2050 1114 2142 1165 sed
2176 1130 2243 1164 ex
2267 1130 2390 1166 vero
2410 1124 2513 1167 sta·

1445 1188 1670 1239 tuisse.'-
1733 1191 1983 1240 consulere
2024 1206 2149 1256 ergo
2190 1191 2386 1241 veritati
2427 1200 2510 1244 est

1445 1279 1657 1328 operam
1679 1266 1826 1328 dare,
1850 1274 1907 1315 ut
1927 1266 2405 1329 integrumjndicim
2425 1270 2512 1333 sit,

1446 1348 1506 1390 ut
1529 1342 1755 1406 loquitur
1775 1350 1951 1393 noster
1974 1342 2065 1393 lib.
2090 1358 2177 1392 m.
2229 1344 2336 1406 Sic,
2357 1345 2401 1395 si
2419 1361 2510 1411 pa-

1447 1416 1646 1467 tiantur
1664 1418 1873 1482 judices
1914 1419 2161 1468 senatorii
2183 1419 2375 1469 ordinis
2397 1434 2511 1470 sese

1445 1495 1727 1559 corrumpi,
1760 1496 1775 1523 6
1801 1495 2044 1558 opinione
2078 1494 2175 1545 Po.
2215 1496 2312 1546 Ro.
2352 1497 2510 1547 ratio·

1445 1583 1566 1618 nem
1590 1570 1844 1634 veritatis,
1866 1571 2200 1635 integritatis,
2232 1570 2373 1636 fidei,
2394 1574 2512 1623 reli·

1447 1647 1612 1711 gionis
1637 1649 1702 1698 ab
1723 1649 1823 1698 hoc
1846 1647 2042 1699 ordine’
2067 1648 2416 1713 abjudicatum
2442 1651 2509 1703 iri

1445 1722 1521 1773 ait
1556 1724 1763 1791 Cicero,
1799 1739 1835 1773 1.
1880 1725 1935 1775 in
1970 1726 2208 1775 Verrem.
2289 1726 2422 1777 Haec
2466 1727 2524 1785 si,

1444 1815 1550 1850 nou
1583 1798 1862 1867 sufficiunt,
1880 1802 2013 1853 adde
2036 1818 2150 1867 quse
2173 1803 2239 1852 ad
2257 1804 2510 1856 Senecam

1447 1877 1513 1927 de
1539 1879 1635 1938 ira,
1656 1893 1719 1930 n.
1741 1884 1826 1930 29.
1848 1880 2089 1930 diximus.
2126 1880 2409 1931 Gronovius.
2518 1928 2522 1935 .

1512 1953 1756 2004 Teutanis
1774 1955 1959 2019 eadem]
2006 1955 2114 2004 Adi
2137 1956 2384 2009 Senecam
2421 1957 2510 2007 De

1445 2029 1727 2080 Beneficiis
1751 2031 1786 2081 l.
1811 2036 1939 2081 11.'7.
1972 2031 2190 2095 Lipsius.
2517 2082 2524 2091 ,

1492 2107 1625 2163 Clu».
1639 2110 1720 2156 76.
1738 2108 1912 2157 Levat-i
1928 2106 1979 2156 in
1991 2123 2197 2170 proesens
2211 2112 2511 2172 proconsula-

1442 2180 1488 2229 ri
1509 2182 1729 2246 imperio]
1760 2183 1948 2233 Potest
1966 2182 2098 2248 fieri,
2135 2193 2192 2235 ut
2212 2187 2309 2236 boc
2346 2185 2511 2239 fuerit

1440 2259 1567 2308 nihil
1592 2259 1732 2308 aliud
1756 2275 1907 2324 quam
1925 2261 1940 2287 ‘
1965 2268 2117 2324 optat
2135 2262 2383 2327 ephippia
2402 2265 2509 2315 Bos

1442 2335 1629 2401 piger.'
1654 2338 1954 2388 Memineris
1988 2344 2181 2402 tamen,
2198 2341 2336 2406 quod
2358 2342 2510 2394 initio

1443 2410 1580 2462 dixit
1613 2413 1767 2478 hujus
1810 2415 1963 2467 libri:
2020 2417 2035 2444 ‘
2064 2417 2178 2467 Nec
2225 2418 2507 2482 provinciae

1445 2506 1564 2542 eum
1594 2497 1786 2543 statum
1809 2492 2139 2558 abnuebant,’
2171 2499 2271 2545 ὅτε.
2327 2497 2510 2561 Atque

1443 2569 1557 2618 istis
1598 2579 1884 2621 consonant
1904 2571 2080 2621 multae
2113 2572 2252 2636 apud
2279 2573 2356 2622 M.
2390 2574 2510 2624 Tul-

1440 2649 1569 2697 lium
1597 2664 1848 2715 praesagae
1887 2652 2150 2716 querelae:
2185 2649 2509 2715 quemadmo-

1444 2724 1567 2775 dum
1608 2734 1712 2776 act.
1750 2742 1790 2778 1.
1830 2728 1885 2776 in
1908 2729 2163 2776 Verrem:
2204 2728 2221 2756 ‘
2247 2728 2530 2791 Inveterue·⁸

1442 2802 1521 2852 vit
1555 2803 1689 2852 enim
1716 2803 1828 2868 jam
1872 2806 2048 2869 opinio
2083 2805 2378 2869 perniciosa
2409 2806 2512 2855 rei-

1446 2878 1693 2942 publicae,
1728 2879 1979 2946 vobisque
2018 2881 2342 2945 periculosa3
2390 2896 2509 2946 quae

1445 2967 1549 3003 non
1573 2955 1727 3005 modo
1764 2957 1962 3019 Romae,
1985 2957 2080 3006 sed
2118 2964 2173 3008 et
2203 2958 2342 3022 apud
2363 2964 2510 3008 exte·

1443 3044 1530 3079 ras
1563 3031 1801 3082 nationes
1836 3033 2158 3096 percrebuit,
2193 3034 2270 3083 his
2295 3033 2511 3097 judiciis

1445 3107 1782 3169 pecuniosum
1833 3109 2107 3173 homiuem,
2153 3111 2383 3176 quamvis
2438 3111 2510 3162 sit

1444 3195 1657 3244 nocens,
1721 3184 1978 3234 neminem
2040 3200 2192 3250 posse
2236 3186 2509 3241 damnari.'

1444 3257 1598 3307 Unde
1620 3273 1738 3322 spes
1761 3260 2081 3324 impunitatis
2121 3269 2177 3311 et
2213 3264 2431 3312 avaritia
2449 3263 2510 3314 li-

1442 3333 1671 3398 bidoque
1723 3336 2068 3399 provinciales
2112 3341 2344 3404 urgendi,
2386 3355 2510 3390 vex·

1445 3414 1585 3477 andi,
1605 3415 1940 3465 exhauriendi
1958 3417 2141 3480 major.
2200 3418 2329 3468 Cum
2350 3417 2512 3481 igitur

1446 3497 1632 3539 natura
1672 3489 1810 3540 ferat
1851 3492 2202 3555 imperiorum,
2266 3502 2325 3544 ut
2373 3495 2509 3547 male

1444 3568 1581 3633 apud
1606 3583 1819 3633 paucos,
1840 3571 1971 3619 male
1996 3586 2091 3634 per
2129 3574 2406 3623 conciones
2428 3589 2511 3625 re·

1446 3647 1654 3711 publica
1677 3647 2056 3713 administrata,
2086 3650 2143 3699 τὸ
2180 3654 2359 3711 πλῆθος
2392 3653 2511 3709 ἀπο·

1445 3720 1778 3786 τεθηριωμένον
1819 3722 1967 3773 πάλιν
2005 3725 2113 3792 εὕρῃ
2156 3727 2390 3788 δεσπότην
2431 3729 2512 3779 καὶ

1429 3797 1699 3869 μόναρχον,
1716 3807 1773 3849 ut
1786 3803 1994 3866 egregie
2008 3801 2240 3868 disputat
2267 3805 2509 3868 Polybius

1447 3874 1533 3924 lib.
1565 3889 1643 3924 ιν.
1668 3877 1741 3925 ita
1763 3876 1942 3926 mirum
1965 3893 2065 3927 non
2090 3888 2172 3928 est
2194 3880 2510 3943 provinciam

1448 3952 1574 4002 dure
1592 3954 1819 4004 habitam
1844 3970 1874 4003 a
1898 3955 2206 4019 magistratu
2230 3956 2514 4019 senatorio,

1447 4029 1705 4093 corruptis
1716 4029 1950 4093 judiciis,
1963 4044 2060 4079 nec
2081 4032 2179 4078 nlla
2196 4046 2290 4094 spe
2308 4032 2512 4098 reliqua

1449 4105 1530 4152 vel
1552 4103 1805 4153 evadendi
1829 4107 1910 4154 vel
1932 4106 2222 4156 vindicandi
2245 4107 2457 4170 injurias
2477 4123 2516 4159 ε

1446 4181 1791 4244 potestatibus
1823 4182 2012 4245 illatas,
2052 4183 2311 4246 respicere
2335 4199 2526 4251 uuum„

1447 4273 1479 4308 a
1496 4273 1598 4323 quo
1637 4260 1747 4309 sine
1780 4259 2083 4329 ‚ambagibus
2105 4276 2237 4325 ,spes
2260 4264 2330 4311 sit
2349 4263 2524 4329 impe·³

1444 4341 1639 4389 tratum
1667 4337 1800 4402 iri,‚‘
1818 4337 1906 4389 ubi
1933 4337 2042 4406 jus,
2060 4337 2150 4393 ubi
2169 4339 2358 4404 injuria
2378 4354 2522 4409 opus*
