3009 4942
771 448 920 501 ms.
965 447 1142 503 xm.
1188 446 1356 502 car.
1400 430 1467 501 Β.
1516 448 1963 528 nummum.

267 584 515 658 δἰωεῆπι]
559 593 781 645 Videtur
811 595 1075 646 abundare
1113 596 1330 647 verbum

270 671 511 733 dixerunt,
564 673 961 737 legendumque,
1017 676 1198 722 Contra
1246 674 1333 722 alii

270 749 431 797 meiius
450 750 673 812 evenisse,
705 765 843 813 quam
865 752 909 798 si
928 750 1164 799 invalidas
1182 765 1334 799 senec·

270 831 321 875 ta
338 832 384 875 et
420 827 617 888 ignavia
638 826 880 890 Claudias,
895 830 977 891 &a
999 835 1176 892 potest
1196 828 1333 876 enim

270 902 430 952 videri
475 904 622 967 illud,
651 906 894 966 dixerant,
919 904 1176 968 adjectum
1201 918 1331 952 esse.

277 979 488 1030 Ursinus.
558 981 738 1044 Malui,
779 983 1035 1043 disserant,
1077 996 1141 1029 ex
1194 981 1331 1029 Flor.

265 1046 417 1119 ‘quam
459 1058 705 1118 dixerant,
742 1063 803 1106 ut
848 1058 1061 1121 vulgati.
1127 1057 1213 1106 Sic
1241 1056 1332 1106 lib.

271 1143 369 1180 tu.
425 1133 441 1159 ‘
468 1134 643 1194 plures
690 1139 806 1182 tuta
853 1131 1147 1183 disserunt!
1217 1132 1332 1182 Lib.

271 1220 383 1256 xlv.
417 1208 433 1234 ‘
452 1216 509 1256 et
531 1215 701 1258 morte
722 1209 835 1272 ejus
859 1223 1129 1259 accensum
1155 1209 1336 1274 populi

271 1281 500 1334 favorem
525 1285 819 1336 disserunt!
873 1287 1123 1336 Pichena.

332 1362 579 1411 Barrkam
600 1368 819 1433 tamentst
841 1362 1065 1413 Senecam
1077 1365 1335 1414 multarum

270 1454 424 1489 rerum
462 1441 763 1504 experientia
802 1441 1029 1504 cognitos,
1060 1446 1107 1490 et
1140 1441 1338 1504 impera-

270 1516 385 1581 tori]
408 1518 605 1582 begam
620 1518 724 1568 leri
744 1517 1074 1582 trajectione,
1091 1517 1338 1566 Bar-rhum

272 1603 318 1647 et
337 1598 562 1648 Senecam
587 1615 650 1649 m.
666 1615 709 1649 r.
727 1615 835 1664 exp.
852 1600 1092 1661 cognitos.-
1116 1602 1338 1648 ettamen

274 1673 572 1739 imperatori,
591 1679 672 1740 &⁰-
738 1676 1016 1727 Acidalius.

281 1770 290 1775 ·
339 1751 577 1816 Pluraque
599 1753 652 1802 in
674 1768 853 1803 summa
882 1753 1088 1814 fortuna
1118 1751 1342 1816 auspiciis

272 1829 561 1891 eicon-siliis,
589 1845 727 1892 qaam
747 1831 857 1878 telis
890 1835 938 1880 et
967 1830 1181 1879 manibus
1207 1829 1338 1892 geri]

274 1903 644 1967 Scribendum]
654 1900 891 1969 pleraque.
948 1905 1208 1970 Ecliptica
1227 1920 1340 1954 ora-

276 1981 348 2031 tio
377 1988 506 2031 est:
551 1996 671 2030 nam
715 1982 1018 2032 adverbium
1060 1983 1216 2045 magis
1254 1988 1342 2031 aut

273 2056 426 2121 potius„
447 2058 773 2108 subauditur.
840 2060 962 2108 Hoc
990 2059 1234 2124 loquendi
1258 2073 1343 2122 ge-

276 2147 396 2184 nere
414 2149 773 2198 saepenumero
785 2135 1000 2185 Tacitus
1015 2135 1196 2185 utitur.
1227 2135 1344 2186 Lib.

279 2221 391 2260 xtv.
431 2215 450 2239 ‘
473 2211 727 2276 Denique.
765 2211 808 2261 si
861 2211 1014 2261 rebus
1066 2211 1346 2276 conducat,

278 2285 440 2336 libens
490 2301 649 2352 quam
691 2294 901 2338 coactus
948 2286 1145 2337 acciret
1184 2288 1344 2338 domi-

279 2369 425 2413 nam.'
446 2365 600 2414 Hist.·
612 2364 703 2415 lib.
723 2378 810 2415 m.
833 2363 899 2414 de
916 2363 1191 2428 Flavianis,
1226 2366 1241 2392 ⁸
1260 2364 1344 2414 Ne

280 2452 391 2491 suas
416 2442 628 2507 quidem
658 2441 889 2505 legiones
921 2441 1345 2506 opperiebantur,

281 2524 339 2567 ut
374 2520 574 2584 praedae
596 2534 748 2584 quam
772 2518 1120 2583 periculorum
1143 2516 1347 2568 socias!

282 2593 423 2645 Hist.
469 2596 565 2646 lib.
620 2610 697 2646 ιν.
740 2596 807 2646 de
852 2610 977 2660 rege
1014 2597 1307 2646 Ptolemaeo
1330 2610 1346 2657 3

283 2672 299 2700 ‘
330 2671 446 2723 'Ubi
494 2675 752 2724 securitas
802 2673 976 2734 rediit,
1026 2675 1346 2738 voluptatum

283 2763 430 2814 quam
446 2751 757 2815 religionum
771 2750 1062 2815 appetens!
1127 2751 1190 2800 In
1205 2750 1350 2800 libel-

215 2890 220 2899 ,
285 2824 334 2873 lo
358 2824 424 2876 de
459 2827 773 2877 Germanis:
806 2826 823 2855 ‘
847 2826 1048 2877 Cedere
1069 2825 1203 2890 loco,
1224 2826 1348 2876 dum

288 2904 438 2954 modo
456 2918 633 2955 rursus
651 2905 828 2967 instes,
849 2904 1052 2954 consilii
1069 2919 1221 2969 quam
1245 2903 1351 2954 for-

287 2979 490 3032 midinis
513 2981 866 3032 arbitrantur!
899 2981 1173 3031 Rhenanus.
1237 2981 1351 3031 Ma-

287 3056 361 3120 gis
393 3060 591 3122 placet,
627 3061 875 3123 pluraque,
904 3061 986 3122 ξε.
1004 3064 1062 3107 et
1081 3058 1159 3107 ita
1179 3057 1351 3123 aptius

290 3131 354 3181 ad
376 3136 710 3185 sententiam.
772 3135 993 3184 Ursinus.

297 3244 307 3251 ·
350 3210 755 3274 Datnmmsplane
769 3212 1111 3276 mentam]
1146 3211 1352 3275 Datum,

290 3284 443 3337 babet
462 3288 733 3352 exemplar
749 3287 993 3337 Budense
1012 3304 1028 3349 3
1050 3290 1196 3354 quasi
1212 3289 1353 3340 dicas

290 3362 557 3428 objectum
598 3365 960 3414 documentum
992 3366 1101 3416 sive
1123 3366 1353 3416 oblatum

292 3444 724 3507 experimentum,
739 3456 835 3508 per
849 3442 989 3492 istud
1008 3442 1199 3492 bellum
1214 3443 1357 3509 quod
1380 3457 1390 3467 ·

291 3521 401 3568 tum
437 3519 691 3570 instabat.
772 3516 876 3569 de
912 3519 1074 3583 magis
1113 3520 1357 3585 quadrat,

298 3597 539 3647 duam.
597 3597 892 3647 Rhenanus.

359 3676 591 3726 Hamis
608 3692 672 3726 an
702 3692 832 3727 secus
861 3677 1028 3726 amicis
1055 3682 1288 3739 uteretur,
1315 3677 1362 3726 si

290 3752 474 3819 ducem]
494 3755 890 3819 castigavimus,
906 3760 954 3804 et
966 3756 1012 3804 si
1024 3756 1185 3805 dacem
1201 3769 1221 3814 ,⁰
1242 3754 1361 3806 sub·

298 3831 522 3894 auditur,
568 3834 790 3882 duarum
826 3836 1168 3883 documentum.
1228 3833 1363 3884 Rbe-

300 3920 475 3960 nanus.
545 3908 736 3959 Sensus
790 3924 889 3959 non
949 3916 1194 3960 constans
1247 3909 1361 3962 sibi.

302 3983 571 4037 Quomodo
591 3986 731 4035 enim
752 3986 890 4047 hinc,
920 3987 964 4035 si
985 3986 1252 4051 egregium
1271 3986 1364 4036 du-

302 4072 412 4110 cem
445 4067 622 4112 amota
653 4062 868 4127 invidia,
902 4078 1004 4111 non
1029 4062 1362 4128 pecuniosum

303 4141 360 4185 et
380 4138 552 4201 gratia
567 4137 841 4188 subnixum
863 4153 958 4203 per
982 4139 1254 4200 ambitum,
1278 4140 1365 4190 de-

299 4209 490 4275 ligeret
510 4213 677 4279 Nero,
714 4204 1082 4283 documentum
1112 4216 1257 4281 ipsis,
1273 4216 1364 4268 bo-

306 4287 463 4339 nmis
486 4303 553 4339 an
574 4290 690 4340 aliis
711 4290 889 4342 amicis
908 4294 1186 4343 uteretur?
1228 4294 1365 4345 Con·

307 4374 528 4433 sequens
560 4379 686 4431 sane
715 4366 773 4420 id
808 4382 913 4421 nou
955 4368 1184 4426 videtur.
1246 4370 1366 4423 Nec

2287 426 2462 503 4021

1410 594 1542 646 adeo
1576 595 1847 661 particulas
1894 595 1999 646 illae
2023 595 2220 660 optime
2249 594 2476 658 haerent,

1407 674 1470 735 si,
1492 673 1707 738 quamsi.
1773 673 1964 722 Melius
1999 680 2112 723 erat
2139 672 2396 737 posterius
2426 662 2473 722 si

1410 750 1601 813 omitti,
1647 756 1704 799 ut
1751 750 1910 814 polius
1954 750 2039 799 vel
2089 749 2243 812 magis
2292 747 2477 799 Taciti

1410 842 1552 877 more
1590 826 2081 890 subintelligeretur.
2150 824 2252 875 Sed
2293 825 2474 895 Mure-

1412 910 1490 954 tus
1528 902 1736 954 bifidam
1769 902 2081 953 sententiam
2108 901 2272 964 facit3
2297 902 2473 968 paullo

1410 983 1510 1031 alia
1532 982 1792 1031 lectione:
1828 981 2033 1030 honestis
2052 997 2114 1031 aa
2141 996 2270 1030 secas
2310 980 2477 1032 amicis

1408 1065 1640 1121 uteretur,
1663 1065 1710 1109 et
1733 1060 1775 1111 si
1795 1059 1894 1125 (ita
1918 1060 2074 1109 etiam
2092 1060 2140 1110 in
2159 1059 2271 1107 aliis
2298 1055 2473 1123 libris)

1408 1138 1571 1185 dacem
1592 1141 1748 1185 amota
1778 1136 1959 1184 invidia
1980 1136 2239 1198 egregiam,
2261 1150 2324 1183 aa
2337 1148 2473 1197 pecu-

1408 1214 1593 1262 niosum
1613 1218 1660 1261 et
1684 1213 1849 1275 gratia
1866 1213 2116 1261 subnixam
2143 1227 2231 1276 per
2248 1211 2476 1262 ambitum

1409 1291 1657 1352 deligeret.
1687 1290 1900 1339 Scilicet
1918 1305 2063 1339 usum
2088 1289 2333 1339 rariorem
2357 1288 2475 1353 par<

1413 1367 1590 1417 ticulae
1612 1366 1655 1415 si
1677 1381 1770 1431 pro
1806 1382 1868 1415 aa
1906 1368 2226 1417 occasionem
2250 1366 2476 1429 interpo-

1413 1443 1556 1492 landi
1579 1443 1798 1492 dedisse.
1865 1443 2186 1508 Quamquam
2224 1456 2320 1506 ego
2358 1455 2477 1505 pro·

1415 1519 1558 1571 fecto
1581 1520 1636 1569 id
1659 1520 1823 1584 ipsum
1845 1520 1888 1569 si
1903 1520 2059 1569 nolim
2076 1520 2160 1569 hic
2176 1530 2477 1584 agnoscere.

1416 1599 1524 1649 Cur
1546 1599 1684 1647 enim
1706 1611 1808 1646 non
1845 1596 2050 1646 addidit
2087 1597 2245 1644 etiam
2285 1609 2478 1659 praece·

1416 1675 1658 1724 dentibus
1678 1674 1768 1736 sic,
1789 1674 1833 1722 si
1863 1672 2067 1722 honestis
2085 1687 2148 1720 aa
2166 1686 2295 1720 secus
2312 1671 2479 1720 amicis

1412 1757 1644 1802 uteretur.
1709 1750 2010 1800 Deleverim
2033 1749 2191 1812 igitur
2212 1749 2370 1798 etiam
2404 1748 2480 1814 ip·

1416 1843 1547 1891 sum,
1568 1834 1626 1877 ut
1648 1828 1800 1891 plane
1832 1828 2084 1876 concinna
2118 1827 2184 1876 sit
2219 1826 2386 1876 oratio
2424 1827 2479 1877 in

1415 1906 1550 1954 hunc
1575 1904 1811 1953 modum:
1857 1905 2064 1953 honestis
2084 1919 2144 1952 aa
2165 1919 2295 1953 secas
2314 1902 2491 1953 amicis

1415 1987 1628 2031 uteretur
1663 1981 1753 2048 (et,
1771 1981 1903 2046 quod
1924 1982 1974 2028 in
2004 1980 2296 2042 aliislibris,
2319 1979 2479 2043 possis

1416 2061 1500 2110 bic
1526 2062 1568 2109 si
1594 2058 1721 2109 velis
1745 2057 1994 2119 retinere)
2013 2058 2177 2105 ducem
2213 2060 2370 2104 amota
2406 2056 2481 2104 in·

1418 2138 1550 2187 vidia
1569 2136 1830 2199 egregiam,
1858 2149 1920 2183 aa
1936 2133 2229 2197 pecuniosum
2250 2138 2296 2182 et
2315 2130 2485 2194 gratia

1418 2214 1671 2263 subnixum
1687 2227 1775 2276 per
1789 2211 2015 2260 ambitam
2036 2209 2281 2270 deligeret.
2338 2208 2482 2257 Ulte-

1421 2291 1528 2340 rius
1565 2297 1767 2340 mutare
1807 2289 1896 2337 vix
1920 2287 2043 2337 mibi
2085 2285 2362 2350 quidquam
2399 2284 2484 2335 bic

1419 2368 1759 2433 permiserim.
1801 2366 1962 2415 Venit
1984 2371 2159 2414 tamen
2181 2363 2232 2411 in
2255 2367 2483 2412 mentem

1421 2446 1691 2496 commoda
1711 2443 1868 2494 etiam
1905 2440 2006 2490 alia
2036 2438 2312 2502 sententia,
2331 2451 2484 2503 quam

1422 2523 1583 2573 verba
1621 2522 1695 2572 sic
1731 2524 1986 2581 concepta
2008 2513 2383 2579 elegantissime
2407 2512 2487 2563 ef-

1421 2598 1674 2650 fecerint:
1713 2595 1944 2646 Modestis
1972 2608 2036 2642 aa
2054 2589 2360 2641 semaamicis
2384 2595 2486 2641 ute-

1420 2683 1572 2741 retur,
1605 2676 1649 2725 si
1682 2677 1847 2723 dacem
1866 2676 1952 2721 aut
1969 2674 2128 2721 amota
2147 2668 2329 2718 invidia
2348 2682 2486 2731 egre·

1419 2755 1574 2818 giam,
1592 2758 1675 2804 aut
1694 2751 1985 2816 menniosum
1997 2743 2487 2810 etgratiasabm'xam

1418 2846 1508 2896 per
1526 2829 1753 2881 ambitum
1771 2826 2016 2888 deligeret.
2070 2821 2354 2873 Acidalius.

1492 2910 1626 2959 Car.
1651 2911 1701 2955 7.
1735 2901 2016 2969 Supplendis
2049 2900 2266 2950 Orientis
2292 2898 2491 2963 legioni-

1426 2986 1510 3036 bus
1539 2980 1806 3048 admovere]
1840 2978 2139 3043 Legeudum
2162 2983 2308 3041 puto,
2328 2978 2488 3027 adm·

1426 3063 1556 3114 veri:
1590 3076 1708 3111 nam
1749 3057 1999 3123 sequitur,
2034 3055 2267 3105 collocari.
2301 3054 2490 3104 Picbe·

1427 3158 1512 3193 na.
1596 3141 1788 3204 Legam
1839 3134 2096 3198 admoveri,
2145 3139 2205 3182 ut
2254 3131 2489 3182 collocari.

1427 3221 1634 3272 Acidal.

1493 3296 1652 3347 Simul
1669 3299 1831 3359 pontes
1851 3307 1941 3359 per
1966 3305 2148 3342 amnem
2176 3287 2493 3354 Euphratem]

1429 3377 1518 3427 Ita
1554 3374 1766 3440 legebat
1805 3371 2045 3434 Faernus,
2079 3382 2202 3433 nou,
2236 3374 2295 3417 ut
2334 3366 2492 3418 estin

1432 3452 1672 3517 vulgatis,
1721 3465 1807 3516 per
1855 3453 2058 3513 pontem.
2104 3445 2342 3495 Ursinus.
2407 3442 2493 3494 An

1430 3533 1559 3597 ipsis
1604 3529 1812 3595 regibus
1855 3527 2173 3589 mandatum,
2210 3532 2270 3575 ut
2308 3530 2495 3590 pontes

1422 3606 1737 3673 jungerent?
1787 3604 1962 3670 potius
1983 3603 2146 3668 ipsius
2167 3600 2496 3666 imperatoris

1435 3684 1678 3733 ducibus:
1715 3695 1830 3731 uam
1852 3679 1995 3743 alias,
2018 3680 2242 3741 jungere,
2262 3677 2499 3741 dixisset,

1435 3775 1562 3823 non,
1591 3759 1758 3822 jungi.
1835 3757 2052 3808 Rectius
2096 3770 2222 3820 ergo
2260 3753 2498 3816 distinxi,

1433 3838 1696 3887 intrarent.-
1729 3834 1873 3884 simtu
1890 3837 2076 3898 pontes,
2106 3835 2187 3896 qv.
2249 3831 2498 3882 Picbena.

1435 3915 1678 3964 Muretus
1699 3926 1883 3962 amnem
1901 3911 2061 3960 delet.
2125 3908 2387 3958 Aeidalius.

1503 3990 1639 4040 Cu».
1675 3993 1726 4039 8.
1774 3985 1972 4037 Additis
2008 3982 2273 4034 cohortibus
2303 3983 2499 4047 alisque,

1436 4081 1542 4132 qaoe
1561 4065 1688 4131 apud
1709 4062 2051 4127 Cappadociam
2068 4058 2360 4126 hiemabant]
2381 4058 2502 4109 Mu·

1437 4149 1602 4205 retus,
1637 4137 1905 4191 cohortibus
1935 4138 2065 4203 aliis,
2099 4153 2144 4201 q.
2175 4152 2224 4189 a.
2260 4139 2380 4203 Cap.
2415 4139 2499 4202 ὅτ.

1436 4219 1543 4269 Vix
1564 4217 1731 4283 abest,
1752 4217 1955 4282 opinor,
1974 4210 2099 4281 quin
2123 4228 2264 4265 vere.
2328 4213 2503 4266 Acida-

1505 4370 1653 4438 Apud
1671 4368 1856 4437 AEgeas
1886 4369 2131 4422 civitatem
2171 4365 2384 4433 Cilioioe]
2415 4365 2504 4428 Ita
