3009 4942
458 329 640 403 4124

456 505 662 565 pagum,
682 488 850 554 primu
871 485 1075 553 origine
1098 504 1129 540 a
1148 488 1296 540 fonte
1318 489 1534 556 dictam,

464 566 616 632 «πή.
652 566 885 621 Alcimus.

531 646 687 704 Simul
718 660 749 697 a
782 648 928 697 latere
948 643 1083 695 saa-is
1111 645 1328 708 urgeret]
1398 643 1536 697 Haec

467 724 650 786 uerba,
682 739 712 776 a
733 724 880 773 latere
899 723 1033 773 saxis
1059 739 1170 786 urg.
1205 736 1305 773 non
1336 727 1457 777 sunt
1477 721 1533 770 in

466 802 729 854 volumine
754 804 1021 852 Manuscr.
1045 817 1162 851 nam
1194 801 1301 851 illic
1322 800 1536 865 legitur,

465 878 628 937 Simul
661 880 865 933 altitudo
884 885 1012 944 opta>
1043 882 1106 929 ad
1132 879 1407 941 jacendum,
1438 892 1535 941 pro

453 956 754 1027 jonadam..
786 958 1104 1007 Subauditur
1124 967 1177 1005 et
1202 956 1535 1021 paganorum

468 1050 650 1087 manus
674 1036 963 1098 exciperet.
1003 1035 1222 1084 Rhesion.
1298 1077 1304 1085 .

557 1113 643 1167 Aa
679 1113 951 1174 ‚iaciendum
1002 1126 1295 1175 paganorum
1348 1109 1536 1174 mam]

467 1187 695 1243 Auctior
716 1189 830 1239 Flo.
852 1191 915 1243 ud
932 1188 1206 1250 jaciendum
1226 1188 1372 1239 etiam
1387 1202 1539 1252 paga·

468 1280 835 1319 norummauus.
900 1268 987 1315 De
1023 1264 1239 1331 paganis
1273 1264 1428 1329 paulo
1457 1278 1540 1312 su-

392 1390 395 1394 .
469 1342 593 1408 pra!
609 1342 776 1405 dixin
825 1342 842 1371 ‘
866 1343 1037 1393 mixtis
1070 1341 1281 1407 paganis
1303 1341 1337 1391 ι’
1384 1346 1543 1405 atque

471 1418 566 1470 inf.
587 1421 625 1470 1.
649 1434 737 1472 111.
770 1421 786 1449 ‘
806 1420 922 1470 Nisi
945 1420 1151 1470 vincitis
1176 1417 1396 1483 pagani!
1445 1419 1544 1468 Pa-

473 1497 595 1561 gani
616 1502 790 1549 autem
825 1498 876 1546 in
898 1496 1100 1546 bellicis
1123 1495 1546 1562 expeditionibus

471 1574 800 1627 vocabantur
832 1573 898 1623 ad
920 1571 1269 1630 differentiam
1289 1572 1548 1637 militum3

473 1652 531 1703 id
554 1659 651 1712 est,
674 1666 849 1702 omnes
873 1650 961 1714 qui
979 1651 1169 1701 milites
1206 1665 1309 1700 non
1335 1658 1541 1702 essent:

477 1743 510 1787 a
532 1729 698 1793 pagis,
716 1729 799 1778 vel
820 1728 1027 1793 oppidis
1041 1727 1091 1778 d.
1126 1728 1267 1779 Plin.
1291 1741 1440 1792 ep.x.
1463 1734 1544 1780 18.

477 1803 496 1834 ‘
515 1804 653 1869 apud
683 1818 768 1857 me
803 1810 858 1854 et
889 1804 1079 1853 milites
1114 1811 1168 1854 et
1192 1805 1399 1867 pagani,
1432 1820 1546 1857 cer-

476 1883 635 1933 tatim
674 1882 722 1933 ei
758 1883 1107 1933 testimonium
1153 1883 1545 1935 retribuerunt.’

477 1959 666 2013 Juven.
698 1960 810 2010 Sat.
834 1974 912 2009 vl.
946 1960 962 1988 ‘
978 1960 1130 2013 citius
1152 1959 1338 2011 falsum
1362 1960 1550 2024 produ·

480 2050 598 2087 cere
619 2043 806 2088 testem
823 2070 826 2077 ·
841 2038 1038 2091 Contra
1060 2052 1316 2103 paganum
1351 2036 1550 2102 possis.’

477 2113 597 2164 Lib.
643 2127 759 2165 xlv.
795 2114 864 2163 D.
910 2114 975 2164 de
1023 2114 1222 2179 poenis:
1259 2115 1274 2143 ‘
1296 2114 1552 2167 Qnaedam

481 2189 677 2241 delicta
714 2205 935 2254 pagano,
972 2200 1065 2240 aut
1100 2191 1314 2252 nullam,
1351 2196 1441 2241 aut
1479 2191 1552 2238 le-

479 2267 676 2317 viorem
704 2282 906 2332 poenam
944 2268 1209 2331 irrogant3
1243 2267 1396 2317 militi
1430 2281 1552 2316 vero

481 2348 806 2411 graviorem?
860 2347 998 2401 Item
1040 2348 1106 2398 ad
1150 2349 1249 2413 leg.
1293 2348 1490 2398 Falcid.
1518 2348 1554 2397 1.

480 2425 580 2474 ult.
646 2424 849 2489 ‘Miles,
870 2426 913 2475 si
943 2425 1067 2476 dum
1099 2440 1332 2492 paganus
1363 2424 1555 2475 fecerit

479 2507 872 2567 testamentum,
904 2504 1103 2553 militiae
1144 2510 1383 2567 tempore
1414 2502 1556 2553 codi-

481 2579 665 2644 cillos‚'
676 2585 784 2643 ,&c.
850 2581 1077 2632 Pio-hena.

554 2659 815 2711 Obscurum
855 2660 1010 2708 noctis
1061 2659 1289 2720 objectum
1343 2658 1554 2708 obteiztui

471 2733 797 2800 fugientibus]
828 2735 1172 2801 Participium
1194 2735 1420 2797 offlectam
1443 2748 1554 2784 era-

484 2813 655 2863 simus.
720 2816 807 2863 De
847 2813 1040 2865 obtentu
1081 2815 1369 2867 monuimus
1408 2813 1552 2862 alibi.

485 2888 759 2940 maanus.

554 2964 689 3013 CAP.
713 2970 793 3015 15.
814 2960 1136 3029 Turingorum
1156 2967 1415 3017 cohortium
1433 2983 1557 3031 proe-

473 3039 624 3103 fecti]
672 3041 999 3107 Sci-ipsimus,
1031 3044 1333 3105 Tungrarum
1376 3044 1556 3093 cohart.

480 3133 605 3182 prce.
642 3118 939 3171 Rhenanus.
1007 3119 1269 3183 Muretus,
1317 3120 1556 3183 'stringa-

487 3210 613 3247 rum.
678 3195 850 3258 Unde,
875 3203 966 3246 aut
988 3211 1099 3258 cur,
1118 3197 1311 3246 nescio.
1366 3197 1556 3248 Acidal.

552 3270 831 3325 Sustentata
847 3272 1036 3336 quidem
1050 3273 1135 3323 diu
1151 3271 1276 3337 acie]
1299 3272 1557 3337 Conjunc-

487 3349 684 3403 tionem
702 3351 890 3415 quidem
913 3351 1277 3402 submovimus.
1334 3351 1556 3401 Rhenan.

557 3428 637 3477 Ne
655 3429 767 3478 hinc
788 3429 967 3492 classis,
983 3429 1094 3478 inde
1116 3428 1273 3493 eques]
1304 3428 1391 3478 Sic
1414 3434 1560 3479 vete·

487 3517 571 3557 res
588 3505 769 3567 nostri,
784 3520 939 3567 eques.
972 3505 1188 3570 §Lulgati
1201 3520 1346 3570 vero,
1362 3505 1562 3570 equites.

492 3580 743 3635 Picheua.
881 3574 884 3579 ”

557 3650 822 3720 Antipolim
841 3655 1164 3707 Narbonensis
1207 3658 1387 3709 Gallioe
1406 3658 1562 3708 muni-

490 3732 688 3799 atpium]
711 3735 982 3785 Neminem
996 3735 1127 3784 latet
1144 3734 1400 3798 municipes
1416 3734 1560 3784 cives

493 3824 610 3861 esse
627 3811 906 3873 Romanos,
920 3825 984 3861 ex
1008 3811 1319 3877 municipiis,
1341 3826 1431 3861 suo
1438 3811 1560 3875 jure

492 3893 549 3938 et
569 3887 772 3953 legibus
796 3889 899 3938 suis
929 3895 1158 3951 utentes,
1190 3888 1413 3938 muneris
1448 3895 1560 3938 tan-

492 3968 604 4017 tum
638 3964 755 4015 cnm
778 3965 974 4030 populo
990 3966 1139 4016 Rom.
1165 3966 1423 4017 honorarii
1445 3981 1560 4031 par-

493 4039 700 4105 ticipes.
766 4039 817 4091 A
857 4057 958 4111 quo
991 4056 1205 4095 munere
1240 4043 1563 4108 capessendo

494 4118 750 4180 appellati
767 4118 1027 4182 videntur,
1044 4121 1059 4149 ‘
1079 4121 1234 4169 nullis
1247 4120 1360 4170 aliis
1379 4134 1562 4169 neces-

492 4191 737 4243 nitatibus
750 4209 917 4260 neque
931 4196 1038 4247 ulla
1053 4198 1328 4262 pop.Rom.
1344 4198 1462 4262 lege
1473 4197 1563 4248 ad-

449 4302 458 4309 ,
493 4270 687 4339 stricti,
696 4286 814 4325 cum
824 4275 1565 4343 nunquampop.Rom.fundus

963 399 973 409 ‚
1064 390 1071 396 .
1165 343 1386 397 nom
1430 344 1835 409 unionum
1884 347 1967 398 ns

1607 506 1788 543 eorum
1816 490 1990 542 factus
2030 490 2138 554 sit,'
2205 497 2268 542 ut
2292 488 2369 541 ait
2402 490 2678 561 elegantes·
2712 558 2717 565 .

1605 567 1780 633 Agell.
1798 582 1915 619 κη.
1935 573 2018 619 13.
2081 566 2188 617 Sed
2209 567 2254 617 si
2274 566 2676 631 'ratumenna-ui,

1607 646 1786 709 Olbia,
1806 644 2370 709 Antipolis,Niceaque
2387 645 2442 693 in
2454 645 2695 712 Salyum'
2740 673 2751 679 —

1609 722 1718 773 solo
1733 728 2016 773 exstructas
2029 715 2177 784 sunt}
2195 722 2389 788 illoque
2401 723 2456 773 in
2478 724 2679 787 littore,

1609 799 1748 853 unde
1781 800 1842 849 C.
1867 800 2074 851 Sextius
2099 800 2299 864 Salyes,
2322 804 2379 850 et
2413 802 2687 853 Deceates

1609 884 1669 929 et
1689 877 1907 942 Liguras
1951 876 2162 941 Alpium
2199 879 2575 929 maritimarum
2611 878 2687 929 in-

1611 955 1751 1005 colas
1775 955 1996 1019 expnlit,
2033 970 2148 1007 cum
2189 970 2256 1005 ex
2298 970 2361 1005 eo
2381 953 2529 1007 facta
2556 970 2684 1020 pop.

1613 1032 1767 1085 Rom.
1808 1034 1952 1098 regio
1975 1033 2237 1083 maritima
2275 1035 2364 1096 sit,
2384 1034 2526 1084 haud
2563 1033 2685 1098 scio,

1614 1122 1706 1157 cur
1728 1107 1992 1173 Antipolis
2013 1110 2349 1174 municipium
2373 1125 2403 1160 a
2441 1111 2693 1165 Cornelio

1613 1184 1940 1249 appelletur:
1978 1185 2077 1237 nisi
2100 1185 2238 1237 forte
2276 1200 2434 1237 causa
2456 1187 2529 1238 sit
2558 1188 2691 1252 haec,

1616 1262 1756 1328 quod
1777 1262 1986 1314 Sextius
2008 1278 2076 1315 ex
2097 1264 2381 1328 littoribus,
2403 1279 2523 1330 quae
2546 1265 2689 1317 Mas·

1619 1340 1734 1390 silia
1756 1340 1954 1392 ducunt
1974 1342 2028 1392 in
2062 1341 2289 1406 Italiam,
2313 1343 2471 1407 pulsis
2492 1342 2689 1393 Barba-

1619 1417 1711 1481 ris,
1750 1419 1989 1470 relictam
2027 1419 2091 1469 ab
2128 1419 2192 1469 iis
2235 1434 2379 1473 oram
2420 1419 2695 1470 Massilcn-

1621 1495 1763 1546 sibus
1799 1496 2062 1561 attribuit,
2093 1504 2152 1547 ut
2183 1503 2366 1548 auctor
2390 1502 2480 1548 *est
2500 1498 2692 1548 Strabo

2721 647 2748 662 Q

1621 1573 1657 1624 l.
1680 1587 1758 1623 w.
1826 1573 1913 1623 Ita
1932 1589 2036 1624 non
2053 1572 2157 1626 fuit
2178 1589 2242 1624 ea
2261 1589 2387 1639 pop.
2413 1576 2564 1625 Rom.
2583 1573 2694 1626 fac·
2739 1606 2749 1617 -

1621 1655 1695 1713 ta,
1715 1664 1867 1715 quam
1890 1652 2132 1715 purgavit
2148 1652 2429 1714 proconsul
2464 1652 2699 1714 Sextius,

1619 1726 1824 1779 nomine
1847 1726 1976 1779 socii
1998 1726 2176 1792 populi
2201 1727 2532 1781 Massilitani.
2577 1728 2697 1779 (3aeae

1623 1809 1792 1856 terum
1814 1820 1845 1856 e
1877 1806 2090 1855 natione
2105 1806 2337 1869 Salyum,
2359 1805 2697 1869 Deceatium,

1623 1883 2018 1948 Oxybiorumve
2060 1884 2311 1950 quosdam
2371 1883 2535 1935 fuisse
2587 1895 2694 1932 non

1621 1960 1835 2009 hostiles
1856 1974 2071 2010 necesse
2111 1967 2192 2010 est
2230 1960 2429 2024 dicere,
2468 1958 2556 2027 qui
2585 1974 2706 2013 mm,

1624 2037 1820 2102 nicipio
1863 2052 1894 2093 a
1951 2039 2265 2102 proconsule
2303 2039 2547 2091 attributi
2584 2037 2696 2093 fae·

1624 2116 1749 2165 rint.
1817 2118 2005 2181 Neque
2044 2117 2179 2166 enim
2219 2117 2432 2167 colonos
2457 2132 2486 2165 a
2509 2117 2697 2169 Roma-

1623 2192 1705 2243 nis
1746 2193 1927 2243 missos
1971 2194 2189 2258 legimus
2217 2193 2530 2258 Antipolim,
2576 2209 2694 2258 qun

1626 2269 1848 2331 colonia,
1870 2270 1912 2319 si
1945 2271 1997 2319 id
2033 2277 2189 2332 esset,
2226 2285 2330 2319 non
2354 2270 2694 2335 municipium

1627 2346 1914 2397 diceretur.
1968 2348 2145 2399 Minus
2168 2362 2200 2396 a
2217 2347 2575 2411 Massilitanis,
2590 2346 2701 2412 qui-

1625 2421 1842 2472 buscum
1881 2423 2093 2474 tandem
2127 2423 2332 2489 judicio
2370 2424 2699 2481 contendeus

1627 2497 2093 2564 Antipolis„libera
2130 2502 2197 2551 ab
2237 2515 2415 2553 eornm
2434 2500 2698 2557 mandatis

1627 2573 1774 2627 facta
1789 2584 1888 2640 est,
1910 2577 2077 2642 inquit
2099 2578 2214 2628 ille:
2253 2577 2393 2643 quod
2418 2566 2697 2642 perperam

1620 2653 1910 2717 judicatum
1935 2653 2137 2719 fuisset,
2152 2655 2196 2704 si
2220 2656 2421 2719 origine
2440 2669 2536 2705 sua
2556 2655 2698 2705 Mas·

1624 2730 1860 2782 silienses
1876 2733 2194 2783 attinuisset.
2259 2732 2495 2782 Proinde
2513 2732 2705 2801 Galliae

1628 2809 1983 2863 Narbonensis
1992 2809 2325 2874 municipium
2336 2810 2529 2861 cornel
2536 2811 2585 2859 io
2594 2807 2700 2860 An-

1629 2885 1805 2950 tipolis
1837 2886 2052 2948 dicitur,
2096 2888 2233 2951 quod
2272 2887 2328 2937 in
2369 2884 2699 2937 Narbonensi

1626 2963 1785 3014 hodie
1829 2979 2037 3030 quoque
2075 2964 2328 3028 supersit:
2365 2964 2490 3014 olim
2524 2971 2698 3019 autem
2747 2952 2764 2973 ²

1631 3047 1767 3091 teste
1785 3041 2042 3092 Strabone
2055 3042 2224 3092 Italiae
2242 3041 2701 3093 annumerabatur.

1631 3119 1763 3171 Quae
1787 3133 1904 3171 cum
1926 3118 2009 3171 ita
2020 3119 2147 3182 sint,
2175 3120 2262 3170 ubi
2301 3120 2362 3169 C.
2386 3119 2591 3169 Plinius
2614 3117 2709 3183 ait,

1629 3194 1667 3244 l.
1703 3208 1792 3244 111.
1814 3199 1866 3245 4.
1913 3196 1928 3222 ‘
1949 3195 2002 3247 in
2041 3210 2132 3245 ora
2170 3194 2422 3259 oppidum
2457 3194 2705 3247 Latinum

1631 3269 1931 3338 Antipolis,'
1979 3288 2084 3322 non
2129 3273 2299 3336 accipi
2348 3272 2511 3325 debet
2564 3273 2707 3324 inter

1631 3348 1850 3399 Graecas
1863 3348 2259 3401 Massiliensium
2275 3348 2525 3403 civitates
2549 3347 2709 3403 fuisse

1632 3424 2067 3491 Antipolim,quae
2091 3426 2277 3477 Latine
2298 3427 2576 3491 loquentes
2596 3441 2704 3477 mu-

1632 3503 1831 3568 nicipes
1863 3504 2114 3555 haberet:
2153 3504 2242 3552 sed
2283 3504 2404 3553 ideo
2437 3505 2704 3566 latinum,

1632 3580 1774 3645 quod
1798 3580 1972 3631 Italici
1986 3581 2122 3645 juris
2142 3587 2300 3632 esset.
2341 3581 2639 3632 Ver-travano.

1701 3657 1833 3708 CAP.
1874 3663 1954 3709 16.
2000 3658 2147 3708 Nihil
2180 3659 2231 3708 in
2262 3672 2443 3707 summ
2482 3656 2705 3721 pinsatu-

1631 3736 1762 3799 rum]
1815 3735 2016 3797 Malim,
2058 3736 2111 3787 iu
2145 3730 2389 3794 mmm.
2462 3735 2705 3788 Quodam

1637 3827 1794 3873 supra
1816 3812 1929 3860 loco
1948 3825 2144 3860 rursum
2178 3812 2229 3860 in
2250 3826 2432 3863 sum
2452 3810 2705 3874 scriptum

1636 3887 1739 3937 fuit
1763 3903 1875 3952 pro,
1903 3887 1954 3936 iu
1974 3903 2222 3951 summam,
2244 3888 2312 3938 de
2332 3903 2433 3953 quo
2451 3888 2703 3937 lectorem

1635 3963 2006 4016 admonet-esui
2028 3965 2236 4015 oblitus.
2270 3965 2542 4015 Rhenum.
2587 3962 2708 4013 Pla·

1637 4051 1743 4106 cet,
1767 4053 1824 4092 nt
1848 4044 2110 4092 Danesius
2141 4042 2373 4106 legebat,
2392 4043 2451 4095 iu
2477 4053 2725 4101 mm,

1629 4121 1915 4186 profutura.-
1972 4135 2090 4185 quse
2144 4116 2407 4182 scriptura
2442 4130 2550 4168 non
2579 4120 2709 4180 eget

1637 4200 1896 4263 exemplo,
1945 4205 2007 4248 ut
2049 4196 2405 4248 confirmetur.
2488 4193 2711 4253 Uni-usa

1636 4277 1808 4330 Recte
1827 4277 1884 4330 in
1903 4275 2158 4342 margine,
2171 4288 2417 4327 sumum.
2449 4268 2563 4328 Sed
2583 4268 2709 4329 vide
