3009 4942
525 365 711 459 ,4⁰9⁶

599 527 735 580 CAP.
770 531 856 585 41.
896 528 1005 580 Ser.
1046 528 1228 581 Mus
1259 529 1433 596 Inna]
1470 533 1592 584 Sus-

531 603 745 669 'picabar
786 606 852 656 de
898 608 1009 657 Lua
1051 613 1218 658 matre
1258 616 1446 658 autea:
1498 609 1592 661 sed

529 678 681 731 falso.
746 682 959 746 Lipsius.

525 764 536 775 “
596 761 758 810 Multa
775 762 979 811 seniores
1014 762 1330 827 meminerint]
1363 763 1594 830 Castiga-

497 836 709 899 ''vimus,
729 838 1049 888 meminerant.
1077 839 1369 890 Rhenanus.
1401 841 1592 906 Vulgo,

523 902 854 964 mentinerunt.
921 914 1137 966 Rectius
1168 932 1234 966 ex
1267 917 1406 966 Flor.
1430 918 1592 967 memi-

527 989 717 1041 nerint.-
749 1007 865 1041 nam
907 991 971 1042 de
1011 1007 1101 1041 suo
1120 1000 1352 1058 tempore
1375 994 1589 1045 Tacitus

521 1067 779 1134 loquitur,
816 1076 871 1121 et
909 1069 976 1120 de
1011 1070 1317 1132 senioribus,
1338 1072 1425 1138 qui
1465 1079 1590 1124 tunc

522 1144 794 1211 vivebant,
835 1148 1178 1215 viderentque
1220 1151 1432 1203 Romam
1469 1157 1590 1202 ante

473 1244 477 1247 ·
527 1222 753 1275 Neronis
774 1225 1084 1276 incendium.
1123 1222 1379 1281 'Picluenm
1419 1238 1422 1241 ’

521 1366 527 1373 .
594 1300 717 1357 Quoe
734 1302 949 1366 reparari
968 1300 1247 1367 nequibant]
1293 1302 1587 1354 Videndum

521 1378 715 1443 'an‘le‘gi
737 1379 948 1442 debeat,
979 1380 1194 1445 reperiri,
1230 1386 1325 1446 p'ro
1348 1397 1429 1446 eo,
1451 1383 1588 1448 quod

524 1462 609 1507 est
630 1456 683 1506 in
708 1458 946 1522 vulgati8‚
967 1459 1199 1523 reparari.
1263 1460 1499 1512 UrsinuS.

592 1535 699 1591 Quo
719 1540 766 1586 et
791 1530 1015 1598 Senones]
1049 1534 1223 1597 Forte,
1259 1541 1308 1585 et
1329 1553 1418 1600 quo
1439 1532 1588 1587 Seno-

521 1627 605 1661 nes
626 1616 750 1676 capt.
773 1611 931 1675 urbem
952 1612 1055 1677 inst.
1122 1612 1357 1662 Ursinus.

519 1682 528 1689 “
589 1687 725 1736 Inter
777 1692 973 1751 utraque
1019 1687 1257 1738 ‘incendia
1318 1690 1587 1757 numerent]

523 1762 709 1813 Potius
733 1769 1047 1814 numerarent.
1114 1765 1398 1818 Acidalius.

517 1838 524 1851 ‘
589 1839 723 1890 CAP.
761 1842 847 1890 42.
895 1841 1119 1906 Effudere
1150 1844 1369 1907 proxima
1397 1845 1586 1897 Averno

507 1908 634 1979 [iuga
670 1918 900 1967 connixus
939 1917 1035 1982 est]
1090 1920 1267 1973 Codex
1308 1921 1586 1986 Budensis‚

515 1992 679 2043 'enisus
710 1999 797 2045 est.
863 1994 1037 2060 Forte,
1075 1989 1267 2047 unnim-s
1295 2002 1383 2049 est.
1449 1999 1586 2050 Rhe-

518 2083 702 2119 nanus.

586 2146 721 2197 CAP.
742 2151 825 2197 43.
854 2148 972 2206 Qua
989 2151 1152 2200 domus
1171 2151 1468 2217 supererant]
1499 2151 1585 2202 Sic

507 2220 852 2288 'interpretari
876 2234 1104 2291 possunt.
1170 2229 1315 2278 Nero
1339 2245 1460 2279 usus
1483 2230 1587 2280 rui-

509 2300 596 2373 ·nis
618 2299 801 2351 decem
824 2304 1108 2366 regionum,
1123 2306 1387 2356 excitavit
1407 2306 1586 2357 imma-

419 2430 423 2437 ,
519 2391 637 2427 nem
671 2377 811 2426 illam
853 2378 1080 2444 domum,
1119 2380 1184 2429 de
1225 2382 1375 2445 cujus
1413 2383 1585 2446 spatio

507 2432 734 2503 ‘Suetom
787 2454 917 2506 Ner.
962 2460 1045 2506 81.
1100 2457 1431 2508 Vestibulum
1473 2461 1583 2524 ejus

516 2526 620 2579 fuit
640 2529 695 2580 iu
716 2545 817 2595 quo
850 2530 1079 2581 colossus
1112 2545 1242 2584 cxx.
1266 2536 1457 2598 pedum
1480 2526 1586 2586 s‘ta'·

510 2595 619 2668 ret,
657 2613 802 2659 tauta
839 2607 1047 2672 laxitas,
1069 2615 1129 2659 ut
1151 2610 1385 2675 porticus
1414 2611 1585 2676 tripli-

511 2678 606 2736 'ces
627 2682 892 2736 milliarias
912 2687 1153 2739 haberet:
1193 2689 1318 2739 item
1342 2696 1583 2754 stagnum

505 2751 673 2819 ”maris
710 2764 875 2814 instar
908 2765 1309 2830 circumseptum
1345 2768 1584 2819 aedificiis

511 2838 584 2907 ‘ad
606 2838 820 2890 Urbium
845 2841 1087 2905 speciem.
1119 2846 1190 2893 Et
1212 2860 1414 2895 versus:
1449 2846 1464 2873 ‘
1483 2848 1585 2897 Ro·

507 2910 603 2985 {ma
623 2916 808 2985 domus¹
838 2916 970 2969 fuit:
1006 2920 1165 2969 Veios
1204 2922 1425 2985 migrate
1458 2923 1583 2975 Qui-

509 2984 688 3067 ,ritesj'
721 2994 775 3042 Si
816 3009 918 3044 non
959 3003 1014 3045 et
1038 2996 1195 3046 Veios
1225 3005 1450 3063 occupat
1475 3000 1583 3048 ista

517 3067 733 3120 domus.’
800 3064 1062 3138 Quidquid
1103 3074 1278 3140 itaque
1315 3068 1582 3140 ruinarum

517 3146 776 3217 superfuit
817 3155 922 3199 tam
963 3150 1096 3203 laxae
1132 3150 1311 3200 domus
1354 3150 1581 3202 aedifica-

505 3222 664 3295 pioni,
702 3222 844 3273 Nero
867 3225 930 3274 ad
955 3240 1180 3275 normam
1221 3233 1276 3276 et
1308 3226 1581 3277 dimensio-

513 3298 631 3349 nem
663 3301 807 3350 novis
826 3300 1064 3351 domibus
1094 3303 1345 3367 explevit.
1399 3303 1583 3355 Saline-

504 3376 632 3447 ·rius.
672 3368 842 3441 Recte
867 3377 1047 3428 vitium
1072 3379 1173 3428 loci
1196 3379 1325 3429 vidit
1349 3380 1580 3444 Lipsius3

499 3461 710 3521 pugnat
732 3446 866 3504 enim
893 3444 944 3505 in
968 3471 1022 3506 se
1054 3457 1260 3507 omnino
1283 3459 1574 3508 sententia:

513 3532 690 3579 nescio
728 3546 794 3580 an
827 3539 882 3581 et
917 3530 1259 3583 medicinam:
1307 3534 1453 3598 legit,
1472 3551 1579 3598 quoe

504 3607 676 3675 ‚domus
725 3607 986 3672 perierant.
1074 3608 1149 3659 At
1202 3611 1579 3681 convenienter

514 3676 725 3746 dixeris,
745 3684 970 3751 easdem,
988 3700 1102 3750 quae
1139 3675 1403 3749 perierant
1433 3703 1578 3740 erec·

514 3764 596 3809 tus
639 3757 819 3823 fuisse,
859 3761 996 3826 quod
1042 3761 1091 3810 in
1138 3762 1304 3827 prima
1346 3764 1578 3823 editione

512 3834 655 3900 Lips.
681 3842 801 3900 post
821 3838 1041 3901 priorem
1065 3840 1410 3903 conjecturam
1433 3856 1577 3893 suam

502 3905 653 3962 'hisce
670 3914 843 3964 verbis
859 3912 1051 3964 innuit:
1088 3916 1185 3964 nisi
1205 3923 1373 3966 tamen
1398 3919 1577 3981 placet

503 3984 774 4059 Neronem
799 3992 955 4043 etiam
978 4000 1174 4041 stantes
1195 3993 1375 4043 domus
1399 4011 1575 4045 omnes

511 4064 728 4123 diruisse
767 4075 823 4118 et
861 4084 1036 4118 rursus
1074 4071 1316 4121 erexisse.
1384 4072 1576 4138 Itaque

421 4138 430 4143 ⁴
512 4142 685 4205 potius
722 4151 822 4208 est,
868 4152 927 4195 ut
966 4148 1191 4211 paucula
1234 4148 1409 4211 verba,
1455 4157 1575 4213 post

499 4210 728 4289 '‘vei-bum
765 4228 1060 4286 supererant,
1097 4222 1298 4273 desint:
1352 4225 1406 4273 in
1437 4226 1574 4276 hanc

513 4289 652 4343 forte
690 4296 1033 4348 sententiam:
1071 4301 1291 4350 Ceterum
1308 4300 1442 4371 urbis
1470 4317 1576 4367 φη

1232 382 1452 441 ΗΟΤΕ
1494 385 1901 441 vammum
1947 390 2029 445 ΓΝ

1664 536 2124 605 domnpemen:
2153 537 2347 602 dir-inte,
2377 540 2732 609 aliquam

1664 612 1909 679 noveque)
1931 630 2020 664 non
2043 620 2098 665 ut
2110 620 2216 681 pose
2237 615 2540 681 Gallica,&c.
2571 618 2734 669 Diru-

1668 694 1747 739 tas
1791 703 1906 757 quae
1950 693 2342 756 superfuissent,
2384 695 2511 744 inde
2565 684 2735 759 suspi-

1668 780 1816 817 cere:
1854 768 1976 834 quia
2012 770 2054 820 si
2092 783 2347 833 mansere,
2369 770 2616 821 videntur
2636 771 2733 820 iru-

1666 843 1892 907 pediisse
1936 845 2190 897 dimensos
2228 848 2342 897 illos
2378 847 2613 898 vicorum
2651 862 2732 899 or-

1667 917 1831 983 dines,
1867 921 2132 973 obstitisse
2176 923 2329 973 etiam
2368 923 2563 974 alicubi
2607 924 2730 975 latis

1667 995 1861 1046 viarum
1888 999 2105 1062 spatiis:
2142 1007 2198 1049 ut
2222 1014 2321 1051 nou
2345 1000 2410 1050 ad
2433 1015 2731 1071 mensuram

1665 1080 1721 1126 et
1742 1076 2024 1138 composite
2048 1075 2168 1126 urbs
2192 1082 2322 1140 tota,
2344 1077 2483 1142 quod
2508 1076 2730 1139 Tacitus

1663 1151 1850 1214 innuit,
1890 1150 2135 1202 :edificari
2165 1153 2413 1217 potuerit.
2465 1152 2730 1207 Acidalia-s.

1664 1226 1912 1279 Nonnihil
1930 1230 2304 1294 dubitaveram,
2323 1245 2388 1279 an
2405 1229 2553 1291 illud,
2567 1244 2730 1293 super.-

1663 1310 1816 1369 ernnt‚
1854 1306 2227 1372 quodammodo
2269 1307 2559 1373 respiceret
2614 1320 2728 1355 ver-

1664 1381 1806 1446 bum,
1826 1388 2020 1433 erecte.-
2063 1382 2116 1432 id
2150 1390 2249 1446 est,
2282 1390 2555 1448 postquam
2582 1383 2747 1432 Nero-

1662 1473 1806 1507 suam
1825 1458 2026 1509 domum
2045 1460 2296 1519 extruxit,
2310 1462 2502 1508 erectae
2514 1454 2728 1509 fuerunt

1661 1535 1806 1585 urbis
1852 1535 2053 1599 domus,
2091 1550 2206 1601 quae
2245 1534 2510 1600 erigeudae
2547 1548 2729 1598 super-

1661 1618 1829 1662 erant.
1866 1612 2045 1676 Nuper
2070 1619 2244 1662 autem
2280 1610 2575 1661 doctissimi
2600 1609 2729 1660 Sali-

1661 1690 1795 1739 nerii
1831 1697 1984 1740 acuta
2021 1688 2386 1755 interpretatio
2409 1685 2533 1737 mihi
2572 1686 2726 1736 valde

1660 1768 1883 1818 arridet:
1935 1767 2054 1817 ideo
2095 1767 2170 1817 sic
2214 1782 2247 1816 a
2281 1765 2466 1815 Tacito
2507 1763 2725 1827 dictum,

1662 1845 1782 1910 quia
1803 1853 1909 1896 tam
1944 1846 2193 1903 immensa
2214 1832 2315 1894 fuit
2343 1857 2476 1892 nova
2497 1841 2726 1905 Neronis

1662 1920 1864 1984 domus,
1902 1928 1959 1971 ut
1999 1926 2164 1971 totam
2199 1919 2311 1971 fere
2356 1918 2539 1969 urbem
2586 1932 2725 1968 com-

1660 1997 1838 2063 plecti,
1873 2013 1934 2048 ac
1967 2012 2148 2063 pauca:
2184 1996 2457 2047 admodum
2492 1995 2724 2061 privato-

1661 2089 1774 2124 rum
1799 2074 1998 2137 domus,
2030 2075 2138 2127 sive
2177 2074 2419 2123 domuum
2438 2073 2625 2135 ruinae,
2646 2088 2725 2123 su-

1659 2148 1913 2216 perfuisse
1937 2151 2258 2200 viderentur.
2290 2140 2522 2201 Prema.
2570 2148 2725 2209 ‚Nihil

1660 2244 1742 2279 me
1767 2235 1941 2278 movet
1962 2235 2119 2278 acuta
2148 2226 2382 2277 Salinerii
2411 2227 2726 2299 interpreta-

1652 2296 1754 2369 tio,
1778 2306 1899 2371 quin
1926 2304 2240 2355 verissimam
2281 2317 2522 2354 censeam
2556 2294 2726 2353 emen·

1659 2382 1923 2433 dationem
1961 2382 2144 2448 Lipsii,
2166 2397 2317 2447 quam
2349 2381 2510 2431 etiam
2533 2381 2590 2430 in
2611 2387 2724 2431 tex·

1658 2464 1769 2509 tum
1808 2447 2046 2523 recipere
2091 2473 2188 2524 ego
2237 2473 2339 2507 non
2383 2457 2722 2509 dubitassem.

1661 2535 2028 2601 Freinshemius.
2092 2535 2167 2586 At
2200 2549 2411 2585 movere
2440 2535 2647 2598 debuit,
2668 2540 2722 2584 et

1647 2608 1925 2675 movisset,
1962 2612 2162 2677 opinor,
2199 2612 2243 2662 si
2279 2613 2451 2675 paullo
2477 2614 2721 2676 explana,-

1644 2678 1762 2737 'tius
1786 2689 1979 2738 tradita
2000 2686 2203 2739 fuisset.
2242 2687 2396 2740 Quod
2421 2688 2722 2747 videndum,

1660 2782 1725 2816 an
1748 2764 1998 2831 possimus
2019 2766 2241 2832 assequi.
2275 2767 2394 2817 Hoc
2419 2765 2551 2817 dicit
2572 2769 2722 2818 Taci-

1658 2850 1771 2894 tus:
1811 2844 2193 2907 Ceterum,&c.
2228 2843 2259 2874 ⁸
2317 2845 2525 2894 Gronov.

1724 2920 1821 2970 Sed
1858 2920 2082 2970 dimensis
2115 2922 2325 2979 vicorum
2353 2918 2627 2986 ordinibus]
2659 2921 2722 2972 In

1646 2982 1841 3045 'codice
1864 2992 2343 3063 Budensi‘legitur,
2377 2999 2581 3048 dirersis
2599 2999 2727 3049 ordi·

1654 3073 1818 3123 nibus:
1851 3074 1950 3123 hoc
1988 3080 2090 3138 est,
2124 3075 2374 3139 separatis.
2437 3075 2528 3125 Sic
2558 3074 2721 3125 infra:

1650 3149 1667 3176 ‘
1687 3149 1760 3199 Et
1781 3149 1973 3200 diversi
1989 3149 2412 3216 interrogantur.’
2446 3151 2720 3203 Rhenanus.

1719 3226 2001 3277 Hostienses
2018 3229 2214 3292 paludes
2230 3226 2524 3290 destinabat]
2563 3229 2721 3276 Forte

1642 3292 1854 3375 :melium
1874 3304 2165 3369 destinavit„
2210 3305 2455 3354 Pichena.

1721 3382 1841 3438 Quae
1866 3380 2160 3442 frumentum
2197 3380 2360 3431 Tiberi
2393 3379 2630 3431 subvecta:
2651 3395 2721 3430 es-

1648 3459 1779 3523 sent]
1810 3454 2227 3520 Emendavimus‚
2265 3464 2405 3522 utque
2439 3472 2720 3524 naresssquae

1639 3535 1937 3596 frumentum
1976 3536 2141 3591 Tiberi,
2169 3535 2530 3591 subvectassent.
2584 3535 2720 3587 ‚Rhe-

1652 3626 1834 3663 nauus.
1902 3614 2035 3664 Flor.
2058 3620 2114 3663 et
2138 3611 2226 3661 alii
2244 3617 2465 3672 veteres,
2488 3609 2718 3661 &absecta

1650 3684 1821 3741 essent.
1886 3689 2131 3740 Picbeua.
2306 3738 2312 3743 .

1721 3766 1861 3823 Quod
1882 3766 1934 3825 ,ἰε
1965 3766 2087 3830 lupis
2117 3756 2310 3829 ignibus
2342 3765 2600 3828 impervius
2626 3763 2719 3827 est]

1653 3838 1886 3905 Correxi,
1928 3843 2064 3900 Quod
2086 3843 2128 3893 is
2149 3843 2270 3906 lapis
2290 3842 2396 3903 igni
2435 3843 2610 3905 imper.
2630 3847 2718 3893 est.

1651 3919 1945 3969 Rhenanus.
2011 3920 2148 3970 Flor.
2169 3927 2223 3969 et
2248 3919 2331 3969 alii
2358 3918 2719 3983 veteres,igni·

1651 3993 1739 4043 bus
1752 4011 1771 4052 ,·
1792 3996 1882 4045 sed
1908 4012 2007 4049 nou
2026 4003 2189 4046 muto.
2228 3996 2453 4045 Pichenu.

1717 4072 1825 4128 Quo
1845 4073 2027 4135 largior
2049 4073 2101 4122 in
2128 4071 2368 4135 publicum
2388 4073 2588 4136 flueret,
2616 4088 2718 4127 cus·

1648 4152 1795 4215 tedes,
1814 4148 1923 4215 ξω]
1977 4150 2207 4201 Faernus
2238 4149 2468 4199 addebat
2493 4151 2716 4215 particu-

1648 4228 1771 4290 lam,
1793 4234 1868 4290 ut,
1884 4228 1954 4277 ad
1977 4242 2176 4281 sensum
2199 4227 2718 4293 necessariam,le1e-

1647 4302 1841 4370 batque
1864 4320 1879 4357 t
1920 4304 1988 4357 Ut
2009 4305 2240 4368 modes,
2259 4308 2309 4355 et
2328 4302 2544 4357 ubsidia
2561 4302 2709 4375 repri-
