3009 4942
492 438 670 511 4132

488 606 656 657 τείας.
689 598 878 655 Acidal.

555 680 688 730 CAP.
712 682 792 727 10.
828 677 955 726 Mox
974 676 1192 729 atteritis
1211 676 1397 741 opibus]
1441 675 1551 727 Pro

491 756 702 820 vulgato
724 753 908 816 verbo,
928 753 1135 815 attritis,
1172 755 1347 817 placet
1370 753 1551 818 Lipsio

485 831 713 896 priscum
733 831 968 894 atteritis,
1009 832 1065 881 in
1096 832 1221 881 Vat.
1243 839 1513 895 repertum
1534 847 1548 882 ε

482 909 619 976 quod
642 908 891 959 libentius
914 908 1110 973 recepi,
1137 923 1253 958 cum
1277 908 1434 958 etiam
1461 909 1551 958 ha·

480 987 605 1038 beat
620 987 757 1037 Flor.
786 986 1007 1036 Pichena.

547 1064 611 1113 In
629 1068 861 1112 secretum
877 1062 1009 1111 Asiae
1028 1061 1287 1125 repositum]
1370 1061 1548 1126 Scrip-

477 1139 550 1211 sit
564 1139 687 1188 Tac.
707 1138 954 1203 sepositus,
971 1153 1112 1188 more
1133 1153 1226 1188 suo
1248 1142 1304 1188 et
1327 1138 1545 1187 aliorum

479 1217 708 1267 omnium
729 1216 784 1266 in
801 1217 897 1266 hac
920 1230 995 1267 re.
1030 1217 1224 1266 Acidul.

547 1294 727 1343 Nimioe
746 1292 1032 1357 voluptates]
1098 1293 1441 1356 Cogitandum
1476 1307 1545 1343 an

474 1371 580 1436 legi
614 1371 795 1434 possit,
838 1370 1010 1423 nimiae.
1042 1371 1316 1435 voluptatis.
1383 1370 1540 1434 Item,

473 1447 885 1511 nmgaoevirtutis.
918 1447 1086 1501 Rhen.

537 1524 711 1573 Palam
747 1524 979 1586 laudares,
1011 1528 1193 1573 secretu
1229 1525 1351 1574 male
1377 1523 1541 1573 audie-

471 1590 610 1666 bant]
675 1601 1107 1666 Quandoquidem
1148 1602 1329 1652 Codex
1366 1602 1541 1665 regius

472 1677 654 1741 babet,
671 1679 832 1742 palum
852 1679 1006 1728 laurea
1035 1684 1216 1729 secreta
1238 1681 1358 1729 mule
1378 1681 1543 1730 audie-

469 1754 572 1817 bat,
605 1752 813 1803 videtur
834 1753 917 1803 hic
942 1768 1055 1803 esse
1070 1755 1258 1805 Graeca
1279 1759 1540 1806 construc-

473 1832 571 1895 tio,
601 1836 783 1881 secreta
817 1833 937 1883 male
970 1832 1211 1895 audiebat,
1245 1832 1300 1881 id
1346 1838 1447 1895 est,
1482 1834 1538 1883 in

468 1908 699 1971 secretis,
730 1909 835 1957 sive
859 1915 1077 1974 propter
1097 1917 1322 1962 secreta.
1392 1910 1537 1962 Alio·

468 1984 558 2050 qui
576 1984 861 2049 hujusmodi
898 1985 1054 2036 lectio
1089 1993 1249 2052 queat
1287 1987 1422 2051 erui,
1450 2005 1538 2053 pa·

465 2063 563 2111 lum
581 2062 788 2124 laudari,
811 2060 1120 2114 infinitivum
1145 2080 1239 2130 pro
1261 2066 1534 2130 praeterito

462 2137 805 2203 imperfecto:
860 2140 1053 2192 Secreto
1115 2143 1237 2192 male
1289 2143 1531 2195 audiebat.

465 2216 761 2269 Rhenanus.

530 2294 602 2344 Et
623 2296 700 2344 eui
718 2295 989 2358 expeditius
1011 2296 1199 2361 fuerat,
1231 2299 1459 2348 tradem
1438 2316 1530 2350 im

457 2370 670 2435 perium]
736 2368 1006 2423 Sententia
1025 2373 1205 2423 horum
1222 2376 1347 2424 satis
1370 2391 1528 2441 expe·

461 2447 593 2512 dita,
615 2463 799 2499 vereor
820 2456 879 2500 ut
902 2451 1020 2515 ipsa
1038 2466 1107 2501 ex
1123 2452 1296 2503 Taciti
1319 2461 1527 2504 senten·

459 2524 549 2573 tia.
586 2524 683 2574 Ille
708 2526 937 2575 Muciani
963 2529 1253 2592 potentiam
1274 2532 1527 2581 extollere

459 2603 603 2665 vult3
625 2604 735 2653 haec
758 2605 1084 2668 deprimitur.
1117 2608 1285 2657 Valde
1308 2610 1420 2659 scil.
1441 2627 1529 2675 po..

458 2688 576 2733 tens
600 2684 894 2748 Mucianus,
925 2685 978 2743 ,si
1012 2684 1062 2735 ei
1097 2683 1300 2736 facilius
1321 2688 1410 2737 alii
1432 2688 1523 2739 im-

458 2760 658 2821 perium
684 2760 911 2823 tradere,
935 2775 1086 2826 qnam
1125 2761 1224 2812 sibi
1265 2764 1525 2819 obtinere.

454 2834 750 2899 Incongrua
771 2837 932 2886 etiam
952 2838 1055 2892 alia
1074 2844 1133 2889 et
1153 2840 1350 2903 majora
1382 2850 1524 2908 sunt,

455 2927 577 2977 qnae
623 2927 725 2962 non
767 2914 995 2964 excutio.
1071 2916 1230 2976 Satis,
1273 2928 1524 2984 corrupta

454 2987 852 3040 demonstrasse.
953 2991 1075 3043 Jam
1141 2993 1397 3044 medicina
1464 2996 1521 3046 in

452 3071 696 3128 promptu
718 3072 772 3115 et
789 3064 1052 3131 facillima,
1070 3068 1381 3119 immissione
1405 3086 1521 3135 par·

451 3140 629 3189 ticulae
654 3142 888 3204 negantis
927 3143 981 3191 in
1025 3143 1160 3193 hunc
1193 3145 1433 3197 modum:
1468 3153 1521 3197 et

450 3217 529 3266 eui
563 3217 691 3269 haud
726 3220 991 3282 expeditius
1013 3220 1202 3284 fuerat,
1230 3227 1311 3287 asc.
1380 3224 1517 3291 Haec

450 3292 586 3345 enim
609 3309 754 3345 mens
779 3311 792 3344 t
829 3311 933 3346 non
969 3296 1248 3361 difficilius,
1272 3302 1383 3351 sive
1408 3308 1514 3353 tam

449 3369 608 3421 facile
641 3372 888 3422 Muciano
921 3373 1097 3428 fuerat
1137 3376 1234 3425 sibi
1274 3377 1514 3430 obtinere

448 3446 743 3511 imperium,
768 3465 921 3514 quam
932 3453 1259 3516 Vespasiano
1274 3455 1479 3507 tradere
1497 3475 1511 3511 .·.

445 3523 547 3572 nisi
582 3526 758 3587 paullo
794 3527 894 3576 alia
933 3531 1200 3579 sententia
1244 3535 1514 3597 transponi

446 3599 609 3648 verba
631 3602 793 3665 magis
816 3604 1052 3666 placeat:
1087 3614 1134 3656 et
1166 3609 1242 3657 cui
1279 3613 1513 3673 ewediti-

443 3690 499 3724 us
517 3676 685 3735 fuerat
703 3678 910 3729 obtinere
942 3682 1208 3746 imperium,
1242 3701 1380 3749 quam
1412 3691 1513 3737 tra-

441 3751 569 3804 dere.
604 3753 720 3802 Lib.
743 3768 818 3804 lv.
855 3755 931 3805 ita
953 3758 1214 3821 loquitur:
1248 3761 1264 3787 ‘
1292 3762 1430 3824 quod
1454 3764 1509 3812 in

440 3841 595 3878 mann
618 3844 710 3879 sua
732 3828 890 3881 fuisse
918 3833 1207 3897 imperium,
1239 3836 1508 3888 donatum·

439 3918 540 3968 que
578 3905 893 3968 Vespasiano
919 3910 1193 3973 jactabat!
1240 3913 1504 3965 Acidaliae.

438 3979 511 4028 Et
532 3981 608 4029 eui
620 3984 1062 4044 exmeditiussuerit.
1111 3988 1196 4037 Sic
1217 3990 1356 4038 Flor.
1380 3991 1506 4041 Vul-

440 4069 527 4119 go,
553 4057 741 4116 suerat.
774 4059 1026 4112 Pichena.
1090 4065 1209 4113 Vox
1242 4065 1402 4124 fuerit
1425 4083 1504 4116 au-

436 4145 704 4195 pervacua
723 4134 887 4186 videri
899 4146 1076 4202 queat,
1094 4149 1238 4189 certe
1262 4141 1306 4189 si
1328 4141 1502 4205 ejicia-

438 4220 571 4270 mus,
623 4209 952 4263 inoffensiore
994 4229 1147 4264 cursu
1188 4219 1504 4281 processerit

436 4283 622 4334 oratio.
656 4285 907 4337 mmmm.

504 4357 602 4409 Suo
624 4360 720 4411 loco
740 4364 1118 4436 memorabimus]
1161 4368 1310 4423 Male
1328 4376 1504 4438 antea,

1185 452 1399 503 No'rAE
1443 451 1848 504 VARIORUM
1896 454 1976 505 IN

1623 599 1996 650 memoravimus.
2060 600 2199 651 Nam
2210 599 2326 651 baec
2346 598 2559 664 quidem
2574 612 2697 653 aar·

1625 683 1707 728 rat
1729 676 2380 739 1n1t101110infra.Lips.

1690 755 1825 804 CAP-
1852 759 1930 805 11.
1966 757 2233 819 AEgyptum
2253 752 2589 818 equitesRm
2606 722 2695 805 aba

1622 831 1801 897 tinent]
1833 832 1864 860 ⁴*
1904 831 2214 882 insedisset?
2300 829 2513 882 Arrian.
2538 831 2573 881 1.
2597 845 2691 884 ιιι.

1623 912 1774 973 putat
1804 908 2088 960 Romanis
2074 924 2129 959 in
2150 907 2436 960 ordinanda
2458 908 2691 973 AEgyptn

1622 987 1916 1050 exemplum
1968 985 2256 1041 Alexandri
2296 985 2481 1049 Magni
2522 984 2688 1036 fuiss·

1620 1061 1963 1125 propositum.
1996 1061 2236 1113 salvinius.
2303 1059 2440 1110 Vide
2460 1074 2579 1126 quae
2617 1059 2691 1111 ad

1619 1136 1809 1189 Annal.
1831 1139 1864 1190 l.
1888 1152 1954 1189 11.
1977 1153 2024 1189 c.
2044 1143 2125 1189 59.
2161 1138 2379 1188 Freinsh.

1690 1212 1919 1282 Igiiaram
1952 1221 2318 1285 magistrum-aa
2336 1217 2489 1284 donni]
2552 1218 2686 1270 Quae

1617 1295 1786 1346 nullos
1818 1312 2042 1363 unquam
2071 1296 2353 1359 habuisset,
2388 1295 2687 1345 novissetve

1615 1372 1967 1437 magistratus,
2006 1371 2107 1423 nisi
2145 1379 2425 1423 externos:
2475 1376 2689 1436 assueta

1616 1448 1849 1511 Regibus
1912 1449 2065 1513 plane
2110 1449 2341 1512 placere.
2408 1444 2683 1497 Fas-etius.

1614 1526 1821 1576 Veneta
1837 1525 2021 1589 editio,
2043 1526 2240 1576 insciam
2270 1528 2442 1591 leg-um,
2461 1525 2687 1588 ἰςιωναιιι

1615 1601 2012 1663 manum.-
2046 1608 2102 1652 at
2121 1602 2381 1652 Vaticana
2405 1601 2460 1651 in
2482 1602 2684 1655 seientia

1612 1678 1825 1740 legum,
1804 1693 2025 1740 igno-am
2045 1677 2446 1741 mugistmtnmm3
2463 1678 2685 1743 optime,

1611 1767 1728 1803 meo
1760 1754 1967 1819 quidem
2005 1754 2191 1820 animo,
2225 1754 2505 1807 dummodo
2543 1769 2683 1805 com·

1613 1828 1891 1894 pingantur
1930 1831 2051 1881 duae
2096 1831 2283 1895 primae
2329 1831 2585 1882 dictiones
2623 1832 2682 1883 in

1610 1919 1761 1956 unam
1782 1922 1797 1968 ς
1822 1907 2074 1959 inscientia
2094 1909 2266 1973 leg-um,
2286 1908 2546 1958 rationem
2567 1906 2686 1957 red·

1609 1982 1704 2047 dit,
1742 1999 1837 2034 cnr
1853 1986 2042 2049 aegrius
2074 1991 2298 2049 pareant
2335 1983 2683 2049 magistratui,

1608 2061 1785 2126 aitque
1806 2060 1923 2111 fieri
1945 2062 2078 2128 quod
2101 2062 2240 2125 leges
2258 2062 2511 2112 nesciant.
2560 2060 2681 2115 Vox

1604 2149 1670 2185 ea
1691 2135 1890 2187 excidit
1921 2136 2048 2188 item
2082 2136 2304 2187 Caesaris
2345 2138 2681 2191 Commenta*

1603 2213 1711 2264 riis.
1748 2216 2001 2266 Gruterus.

1667 2291 1816 2343 Domi
1858 2290 2085 2355 retinere]
2149 2290 2397 2341 Nondum
2441 2292 2579 2354 baec,
2620 2294 2679 2345 et

1603 2374 1817 2431 propter
1835 2382 1918 2432 ea,
1932 2368 2200 2435 superiora
2217 2382 2401 2432 parum
2422 2368 2691 2435 intelligo.-

1600 2447 1864 2496 Acidalia-s.
1930 2446 1994 2496 Id
2032 2452 2136 2510 est,
2175 2459 2272 2509 per
2306 2452 2677 2510 procuratores

1600 2538 1717 2575 suos
1746 2524 2113 2576 administrari.
2181 2523 2321 2573 Alibi
2362 2524 2568 2589 Lipsius
2591 2523 2677 2576 do-

1602 2600 1729 2651 cuit.
1767 2601 2001 2652 Pichena.

1663 2678 1791 2727 Duae
1814 2678 2146 2741 Mauritania]
2178 2677 2462 2742 Tingitana
2477 2684 2534 2730 et
2557 2680 2671 2729 Cae-

1600 2755 1858 2804 sariensis.
1884 2755 2128 2805 Savillius.
2196 2756 2523 2806 Mauritania
2545 2755 2671 2805 divi‹

1599 2831 1818 2882 debatur
1834 2849 1865 2882 a
1886 2833 2192 2898 geographis
2211 2832 2262 2882 in
2285 2832 2666 2895 Bocchiariam,

1596 2907 1706 2959 sive
1729 2910 2106 2964 Caesariensem
2137 2910 2203 2961 ab
2239 2909 2370 2960 urbe
2407 2910 2666 2973 Caesarea,

1596 3000 1712 3051 quae
1737 2986 1817 3037 Iol
1841 2993 1963 3037 ante
1986 2986 2273 3051 dicebatur,
2302 2996 2358 3038 et
2403 2988 2670 3051 Bogudia-

1595 3078 1714 3113 nam
1732 3080 1822 3114 seu
1840 3065 2250 3128 Tingitanamab
2269 3065 2468 3130 oppido
2482 3067 2531 3115 T
2533 3065 2663 3130 ingiz

1595 3140 1661 3189 de
1679 3156 1741 3190 eo
1759 3140 1852 3191 inf.
1876 3143 1912 3191 l.
1938 3135 2105 3191 11ss58.
2139 3142 2379 3204 Lupunus.

1660 3217 1857 3281 Raetia,
1892 3218 2145 3283 Noricum]
2213 3218 2276 3267 In
2299 3218 2446 3282 regio
2479 3218 2661 3271 codice

1591 3294 1782 3358 legitur
1801 3296 2011 3358 ΒΙιείἰαι,
2051 3295 2141 3345 sed
2165 3302 2424 3346 mutatum
2448 3297 2502 3345 in
2535 3296 2661 3346 Rbe-

1590 3372 1681 3433 tia,
1703 3372 1878 3421 nescio
1900 3386 1966 3421 an
1987 3386 2131 3421 casu.
2196 3370 2331 3422 Sunt
2351 3377 2529 3422 antem
2545 3371 2661 3422 duze

1587 3447 1935 3512 Mauritaniae,
1957 3449 2127 3512 prima
2167 3456 2225 3498 et
2261 3448 2515 3508 secunda,
2551 3450 2658 3499 sive

1585 3525 1821 3588 superior
1848 3533 1906 3575 et
1934 3523 2163 3575 inferior.
2226 3527 2424 3576 Verum
2451 3525 2659 3592 quando

1586 3615 1649 3651 ea
1682 3602 1951 3653 distinctio
1987 3609 2128 3667 nata,
2177 3602 2455 3653 incertum.
2531 3602 2659 3652 Rhea

1582 3692 1750 3729 nunus.

1684 3756 1916 3807 coactata
1987 3757 2299 3806 valentiorum
2365 3752 2657 3821 agebantur]

1581 3831 1905 3894 scripsimus,
1925 3838 2143 3882 contactu
2162 3834 2256 3882 val.
2292 3834 2593 3882 Rhenanus.

1645 3908 1927 3961 Inchoaeere
1941 3926 2114 3960 annum
2133 3910 2225 3959 sibi
2248 3910 2497 3974 ultimum]
2533 3911 2647 3960 Ele-

1580 3991 1764 4050 ganter
1783 3986 2002 4039 dictum.
2067 3987 2341 4039 Solicitant
2357 3993 2570 4038 tamen:
2596 3992 2652 4037 et

1578 4062 1795 4127 Nonne,
1822 4063 2079 4127 inquiunt,
2120 4063 2261 4112 idem
2281 4069 2364 4112 est
2397 4063 2656 4119 Ultimum

1578 4153 1639 4187 ac
1674 4138 2017 4202 Supremum?
2084 4141 2304 4191 Fateor:
2341 4139 2653 4203 geminanda.

1578 4223 1750 4265 tamen
1777 4232 1875 4269 vox
1910 4216 2011 4266 fuit
2042 4217 2110 4266 ob
2135 4218 2454 4267 sententiam
2476 4216 2653 4282 dispa-

1577 4308 1704 4344 rem.
1770 4295 1893 4345 Non
1932 4296 2071 4346 enim
2106 4303 2250 4345 certe
2281 4295 2417 4360 reip.
2441 4295 2648 4350 ultimus

1576 4385 1761 4431 annus.
1824 4371 2041 4449 Alioqui
2078 4372 2258 4429 dicere
2281 4372 2649 4456 percommode
