3009 4942
721 398 728 405 ’
812 432 960 481 ms.
1009 431 1300 485 1210311.
1343 413 1453 482 67.
1497 430 2058 483 maronianum.

335 576 540 631 maun
568 573 710 626 idem
744 576 886 642 quod
920 580 1060 639 post.
1107 575 1418 634 Nunc,hae-‚

337 653 462 703 sito.
528 653 718 720 Acidal.
801 655 977 709 Facile
1027 659 1251 718 apparet
1293 654 1404 704 haec

337 726 508 779 minus
552 729 821 780 intellecta
863 730 928 780 ab
973 729 1069 790 eis,
1110 729 1196 794 qui
1228 727 1405 779 hacte-

337 819 436 854 nus
462 806 578 855 heic
617 799 949 857 retinuerunt
971 805 1226 870 Rhenani,
1243 821 1407 857 secun-

336 882 466 944 dam,
502 884 657 945 plane
690 889 875 933 contra
906 898 1025 935 mss.
1050 890 1107 933 et
1128 883 1247 935 edd.
1275 889 1405 935 vett.

336 957 392 1006 in
443 959 628 1023 quibus
680 967 995 1025 constanter,
1049 975 1219 1024 seram,
1264 960 1403 1026 quod

335 1036 562 1100 auctoris
639 1038 946 1101 legitimum.
1034 1037 1287 1102 Loquitur
1339 1037 1406 1087 de

336 1095 540 1162 Plautii
565 1114 913 1177 poeuitentia3
948 1114 1031 1179 qui
1056 1129 1170 1164 cum
1195 1113 1406 1178 objecta

337 1188 634 1241 Dolabellae
678 1192 900 1256 probare
943 1206 1045 1242 non
1087 1199 1283 1256 posset,
1328 1193 1406 1241 in-

336 1266 526 1317 ductus
599 1268 926 1333 poenitentia,
990 1269 1193 1318 veniam
1248 1269 1405 1333 petiit

337 1345 620 1395 delationis
640 1361 776 1396 suae:
812 1346 1265 1412 quemadmodum,
1286 1361 1404 1397 meo

324 1418 553 1487 judicio,
622 1432 768 1475 recte
839 1426 1086 1488 exposuit
1155 1425 1404 1477 Pichena.

340 1500 597 1552 Gruterus.

342 1612 348 1631 2
402 1578 473 1626 Et
496 1578 684 1639 samam
704 1579 967 1629 clementioe
980 1579 1234 1644 affectare]
1268 1580 1401 1643 Nos,

332 1651 606 1721 affectaret.
626 1654 965 1719 subauditur,
1003 1662 1075 1707 ut.
1109 1655 1404 1706 Rhenanus.

333 1731 425 1780 Sic
449 1730 660 1795 quidem
677 1733 883 1781 Veneta
911 1733 1039 1782 edit.
1077 1738 1132 1783 at
1153 1733 1405 1796 Romana,

331 1809 488 1858 tenuit
510 1824 569 1858 ne
601 1808 835 1873 periculo,
863 1810 945 1872 ξε.
982 1808 1267 1872 adsectaret,
1282 1809 1405 1876 ⁴‚for-

331 1892 476 1937 tasse
499 1885 751 1936 sincerius
773 1888 1004 1950 vulgato.
1043 1887 1298 1948 Gruterus.

387 1964 540 2023 ‘CAR
558 1968 642 2013 64.
674 1963 895 2028 Longum
914 1962 1236 2028 interfectori]
1301 1965 1405 2016 Hic

334 2041 467 2099 ordo
492 2041 768 2091 verborum
790 2038 841 2090 in
858 2041 988 2091 meis
1007 2042 1181 2093 libris:
1214 2050 1272 2094 et
1292 2056 1405 2092 sen-

329 2120 501 2182 tentia
544 2121 731 2184 liquet.
789 2118 1239 2184 Alii.trajiciunt;
1281 2118 1406 2184 qnid

334 2196 434 2246 nisi
457 2195 672 2247 libidine
693 2195 916 2262 quadam
940 2195 1110 2246 omnia
1131 2195 1404 2246 mutandi?

331 2272 549 2338 Lipsius.

335 2386 342 2392 -
402 2351 621 2414 Longum
659 2351 961 2413 interfectori
996 2352 1167 2402 nsum.
1223 2351 1285 2400 In
1303 2350 1404 2409 iti·
1433 2344 1436 2347 ’

330 2429 469 2492 nere]
551 2430 911 2493 Reposuimus,
980 2431 1202 2498 Longum
1258 2429 1404 2479 inter·

319 2506 525 2570 sectori,
559 2506 914 2573 (subauditur,
958 2500 1104 2572 erat.)
1138 2507 1201 2556 In
1231 2504 1404 2555 itinere

333 2585 507 2649 visum,
528 2588 611 2650 ξε.
641 2587 974 2648 *Rhenanam

405 2665 554 2728 Cujus
589 2665 674 2716 hoc
701 2667 910 2729 primum
940 2664 1167 2729 specimen
1190 2661 1405 2713 nosceba-

331 2742 443 2806 tur]
517 2738 853 2797 -Vocabulum
910 2749 1231 2807 postremum
1284 2739 1405 2791 hinc

334 2817 556 2879 auferri
578 2828 760 2885 posset
797 2820 907 2869 sine
963 2820 1070 2869 ullo
1124 2819 1401 2868 senteutiae

332 2898 492 2948 malo.
529 2895 667 2948 Ann.
699 2896 791 2946 lib.
815 2910 856 2946 1.
877 2901 936 2957 6.
959 2897 975 2923 ⁴
1000 2895 1235 2946 Primum
1275 2893 1404 2945 faci-

331 2986 433 3032 nus
474 2974 593 3023 novi
639 2973 961 3043 principatus
1008 2971 1110 3022 fuit
1163 2972 1403 3023 Postumi

329 3049 586 3117 Agrippae
609 3051 811 3101 caedes!
878 3051 1135 3100 Gruterus.

337 3172 348 3183 ,
403 3128 518 3179 Non
557 3126 721 3179 minax
765 3125 1007 3189 tristibus]
1070 3125 1404 3191 Scripsimus,

331 3220 429 3254 non
473 3205 617 3254 minis
652 3205 889 3263 tristibus.

334 3276 514 3339 nesius
559 3280 804 3344 legebat:
841 3281 955 3351 Non
982 3282 1133 3340 ⁴minis
1164 3279 1403 3330 tristibus.

335 3356 576 3409 Ursinus.
644 3359 836 3422 Vulgo,
888 3372 981 3407 non
1032 3356 1215 3407 minax.
1295 3356 1402 3406 Sed

333 3444 583 3500 suspecta
625 3436 714 3485 illa
769 3450 887 3498 vox,
927 3448 1022 3485 nec
1067 3442 1303 3485 veterum
1348 3434 1404 3495 li·

333 3512 570 3573 brorum¹
621 3511 726 3562 fide
800 3513 1108 3562 adstruitur.
1173 3512 1403 3562 Florent.

333 3598 604 3654 corrupte,
651 3590 954 3651 noninmix.
1023 3588 1403 3653 corrigendum

329 3667 464 3737 ‘olim
478 3667 674 3732 putavi,
695 3682 787 3715 non
802 3667 949 3715 nimia
965 3665 1201 3728 tristibus,
1223 3665 1278 3714 id
1300 3671 1402 3729 est,

333 3759 461 3804 nun¹
486 3744 715 3808 superba
771 3752 827 3794 et
876 3743 1216 3794 intolerabilis
1276 3757 1403 3807 erga

332 3822 520 3888 tristes
557 3836 619 3872 ac
655 3822 891 3885 miseros,
944 3828 1001 3870 ut
1045 3820 1258 3871 Triaria.
1324 3819 1402 3869 At

332 3913 509 3963 nuper
532 3900 722 3961 aptius,
737 3899 790 3946 ni
810 3896 980 3960 fallor,
1001 3897 1289 3960 emendavi,
1311 3913 1403 3947 non

331 3976 541 4049 inmitis,
575 3990 703 4024 voce
743 3974 807 4023 ab
842 3979 1055 4023 auctore
1088 3981 1267 4022 nostro
1299 3972 1402 4023 fre·

329 4050 677 4140 quentissime
722 4055 988 4114 usurpata,
1030 4056 1086 4098 et
1127 4050 1401 4114 scripturae

332 4129 524 4195 p‘riscae
568 4128 831 4190 similiore,
878 4142 1029 4190 qnam
1072 4127 1254 4193 minax.
1313 4126 1402 4177 Pi·

315 4208 518 4273 ..qhenm
584 4206 650 4258 In
689 4206 829 4256 Flor.
873 4205 1076 4255 immix..
1127 4205 1288 4256 Hinc
1313 4205 1403 4254 Pi-

330 4274 511 4345 οἷιεειι
536 4280 669 4335 facit
695 4284 862 4343 nimia.
927 4282 1034 4333 Sed
1070 4284 1233 4334 ausim
1266 4281 1403 4333 affir-

328 4372 498 4429 mare,
554 4376 639 4413 me
695 4361 893 4417 rectius
948 4360 1263 4427 conjecisse:
1311 4375 1404 4426 non

946 3203 1239 3255 Rhenanus.
1303 3205 1407 3254 Da·

2371 415 2597 519 wa.

1480 575 1677 626 minima
1717 591 1780 627 ex
1822 574 2075 628 tristibus.-
2114 575 2347 640 proxime
2389 576 2564 640 etism,

1482 658 1750 722 vulgarem
1794 659 2126 723 scripturam,
2162 673 2280 723 quae
2309 673 2377 708 ex
2415 647 2551 709 com-

1480 735 1672 799 pendio
1705 735 1969 786 scribendi
2019 742 2281 799 corrupta.
2345 736 2557 791 Tristes.

1479 811 1557 862 illi
1593 812 1852 863 vocabant
1886 813 2146 876 mulieres,
2186 813 2328 864 nullo
2361 813 2548 869 illicito

1480 888 1666 950 gaudio
1692 896 1784 939 aut
1806 889 2022 938 lascivia
2045 896 2315 954 corruptas
2342 889 2432 939 sed
2456 903 2550 954 pu·

1479 965 1627 1019 dicas
1641 973 1697 1017 et
1719 964 1874 1031 frugi.
1943 968 2160 1017 Colerus.
2230 966 2420 1016 Fortex
2455 980 2548 1019 non

1478 1042 1703 1092 unmixta
1751 1041 1971 1093 tristibus
1990 1058 2012 1102 ,·
2064 1043 2098 1093 i.
2142 1057 2246 1091 non
2278 1042 2549 1107 particeps

1478 1119 1636 1170 ullius
1679 1118 1903 1170 crudelis
1953 1125 2044 1169 ant
2093 1118 2270 1170 acerbi
2325 1119 2551 1173 consilii..

1483 1196 1769 1246 Gronovius.

1543 1273 1606 1327 In
1640 1272 1869 1336 gaudium
1905 1273 2080 1338 evicta]
2146 1272 2547 1338 Castigavimus,

1478 1356 1653 1401 evecta.
1718 1351 2009 1402 Rhenanus.
2074 1351 2269 1416 Magis
2330 1349 2548 1415 probavi

1478 1442 1676 1490 vocem,
1709 1432 1885 1493 evecta,
1917 1443 1984 1478 ex
2000 1429 2257 1498 nonnullis
2278 1428 2546 1477 Manuser.

1478 1519 1633 1570 quam
1652 1504 1824 1566 evicta,
1857 1512 1916 1553 ut
1944 1505 1997 1554 in
2018 1504 2256 1569 vulgatis.
2313 1503 2544 1562 Pie-hena.

1480 1582 1679 1633 Muret.
1742 1587 1929 1647 mutat,
1991 1586 2168 1633 evecta.
2235 1581 2348 1644 Ego
2406 1578 2547 1644 quod

1480 1657 1742 1721 vulgatur,
1784 1656 2048 1721 scripsisse
2090 1656 2328 1707 Tacitum
2366 1653 2546 1758 credo,

1478 1734 1581 1784 imo
1605 1735 1988 1786 scio.Acida1.

1546 1813 1680 1863 ΕΑΒ.
1703 1817 1785 1863 65.
1817 1811 2246 1862 Exhortationibus
2287 1809 2414 1876 ejus]
2477 1809 2547 1863 E-

1478 1888 1847 1953 mendavimus,
1876 1904 1937 1939 ex
1967 1889 2272 1939 orationibus.
2339 1887 2545 1938 Rbena-

1477 1984 1595 2020 nus.

1537 2046 1789 2096 Comitatu
1837 2045 2072 2111 principis
2116 2041 2350 2106 adiectus]
2415 2041 2546 2103 Nos,

1477 2122 1740 2173 comitatui.
1805 2121 1974 2171 Idem.

1545 2202 1779 2266 Exemplo
1815 2201 1876 2251 L.
1915 2197 2160 2257 Arruntii.
2235 2196 2362 2245 Eum
2410 2194 2544 2245 Tibe-

1476 2280 1604 2345 rius]
1669 2279 1992 2330 Annal.1v.
2054 2276 2285 2328 Sacilius.
2355 2273 2547 2338 Vulgo,

1477 2356 1541 2407 L.
1563 2358 1806 2420 Arruntii,
1833 2372 1970 2421 quem
1995 2356 2231 2407 Tiberius.
2292 2351 2546 2403 Emenda-

1479 2434 1674 2484 tionem
1718 2433 1971 2484 indicavit
2033 2433 2171 2482 Flor.
2233 2430 2322 2496 qui
2365 2428 2545 2492 habet,

1477 2510 1764 2561 Arruntium
1801 2510 2032 2560 Tiberius.
2099 2508 2348 2557 Pichena.

1554 2590 1744 2640 Vectius
1759 2568 1989 2640 Bolanus.
2016 2590 2069 2638 E
2078 2572 2412 2653 praesentibus]
2428 2583 2543 2634 Dis-

1479 2667 1648 2732 tingui
1693 2668 1883 2730 malim,
1918 2667 2128 2715 Bolanus
2165 2679 2191 2714 e
2218 2643 2545 2728 praesentibus.

1478 2743 1721 2806 Angebat,
1754 2746 1836 2808 ξε.
1873 2751 1933 2792 ut
1954 2740 2210 2807 significet
2235 2742 2492 2790 Bolanum
2514 2754 2544 2790 e

1479 2820 1732 2872 comitatu
1800 2820 2056 2885 principis
2111 2818 2165 2868 iu
2218 2815 2545 2890 Britanniam

1479 2899 1709 2949 missum.
1745 2897 1957 2961 Lipsius.

1545 2977 1728 3028 Missus
1758 2977 1810 3026 in
1844 2978 1992 3026 locum
2013 2956 2133 3038 qius,
2173 2973 2364 3024 Vectius
2400 2971 2547 3022 Bola-

1478 3070 1569 3105 nus
1601 3070 1628 3104 e
1656 3051 1990 3120 proesentibus]
2055 3050 2338 3101 Distinctio
2373 3048 2484 3098 haec
2514 3062 2547 3099 a

1481 3132 1660 3195 Lipsio
1691 3131 1939 3196 reposita,
1973 3127 2309 3179 confirmatur
2331 3126 2489 3176 etiam
2514 3139 2547 3174 a

1480 3211 1620 3260 Flor.
1655 3207 1827 3274 Aliter
1860 3208 1915 3256 in
1938 3205 2191 3270 vulgatis:
2235 3203 2425 3256 Vettius
2446 3202 2545 3253 Bo·

1478 3289 1637 3339 lanus.
1650 3287 1719 3335 E
1736 3285 2067 3350 praesentibus,
2087 3287 2169 3347 ᾃτ.
2209 3283 2457 3333 Pichena.

1546 3364 1679 3413 Cu.
1693 3367 1775 3412 66.
1808 3361 2042 3424 Aug-ustoe
2064 3358 2397 3421 Taurinorum]
2417 3355 2544 3407 Vul-

1478 3454 1564 3503 go,
1604 3440 1853 3502 Drinum,
1886 3441 2046 3501 caput
2087 3435 2392 3500 populorum
2414 3432 2545 3482 Sub-

1476 3516 1784 3580 alpinorum,
1843 3514 1981 3579 quod
2054 3511 2346 3562 firmissimo
2385 3508 2544 3575 Regis

1477 3592 1644 3644 nostri
1666 3591 1911 3657 praesidio
1933 3594 2160 3641 tenetur.
2182 3588 2435 3653 Lupanus.

1547 3670 1771 3721 Cladibus
1812 3669 2112 3721 obliteratum
2147 3666 2240 3731 est]
2315 3663 2544 3716 Verbum

1476 3752 1565 3811 est,
1584 3747 1941 3813 expunximus.
2008 3746 2282 3796 Rhenanus.

1539 3823 1745 3889 Alpibus
1780 3823 1984 3887 digressi
2019 3821 2154 3883 sunt]
2222 3818 2393 3885 Magis
2428 3828 2544 3882 pro-

1476 3902 1593 3967 prie
1662 3901 1908 3965 corriges,
1976 3896 2202 3961 degressi.
2289 3894 2544 3964 Piqhena.

1475 3976 1863 4041 Significantius
1901 3976 2042 4039 legas
2074 3972 2298 4035 degressi.
2364 3967 2544 4045 Atque

1478 4056 1556 4104 ita
1589 4055 1677 4106 lib.
1702 4068 1742 4105 1.
1772 4055 1788 4082 ‘
1813 4052 2023 4103 Caecina
2055 4048 2295 4114 propiore
2317 4042 2544 4097 transitu

1478 4128 1695 4180 Peninis
1726 4127 1869 4192 jugis
1912 4124 2129 4190 degredi
2154 4121 2367 4188 jussus!
2424 4120 2542 4171 Lib.

1477 4220 1564 4256 111.
1610 4205 1805 4254 ‘Pullo
1840 4204 2033 4254 amictu
2072 4202 2267 4271 palatio
2305 4199 2544 4267 degredi-

1479 4285 1601 4333 tur?
1663 4270 1853 4332 Acidal.

1545 4360 1682 4412 Csr.
1702 4362 1787 4411 67.
1819 4356 2062 4424 Separatoe
2077 4355 2309 4422 primum]
2329 4352 2550 4428 Scripsi,
