3009 4942
731 423 877 472 ms.
924 423 1038 473 111.
1086 422 1251 474 cAP.
1293 405 1403 475 13.
1448 422 2007 478 ms'romARuu.

244 567 456 632 '‘minus,
467 568 627 623 verba
641 568 956 635 interpolata
966 571 1333 637 'ti-ajicientem,

272 647 548 713 Rupiuntur
578 664 730 713 mna,
762 655 810 699 et
847 650 923 699 ira
956 650 1166 700 militum
1195 651 1248 700 in
1273 652 1332 703 T.

270 724 499 790 Ampium
521 726 801 777 Flavia-mm
823 732 876 777 ut
893 729 1182 792 proditorem
1203 731 1333 780 incu-

272 803 389 853 bin‘t.
424 804 630 855 Acidal.
697 805 922 859 Putem:
957 812 1012 857 ut
1043 807 1226 871 proditi
1257 809 1334 858 ira

270 869 455 935 mauis.
521 883 868 934 Existimabat
904 885 1053 935 mnes
1092 900 1148 934 se
1170 900 1202 934 a
1222 886 1336 934 ma

257 959 440 1025 .viano‚
474 966 534 1011 ut
569 962 772 1011 Vitellii
808 962 1119 1027 propinquo,
1160 961 1335 1026 prodi·-

273 1044 382 1089 tum
422 1037 589 1088 hostis
631 1039 752 1088 vide
797 1042 1085 1105 sequentia.
1118 1041 1337 1096 Grotius.

272 1113 418 1165 Nihil
440 1115 526 1165 hic
548 1115 733 1166 deesse
757 1123 956 1180 putem,
993 1118 1083 1169 sed
1107 1119 1336 1170 scriben-

270 1193 423 1243 dum:
461 1195 737 1258 Rapiuntur
758 1211 893 1245 arma
910 1201 1040 1248 metu
1053 1199 1338 1262 proditionis

271 1272 367 1334 ira,
389 1274 470 1336 85c.
507 1274 823 1324 Freinshem.

336 1349 691 1403 Obturbabatur
735 1352 942 1402 militum
979 1352 1168 1437 vocibus
1207 1354 1337 1420 Apo·

266 1427 398 1493 nius]
434 1430 759 1481 Vocabulum
779 1433 995 1495 Aponius
1030 1403 1332 1484 delevimus.

272 1504 491 1556 Rhenan.
553 1508 744 1572 Vulgo,
781 1508 1011 1572 Aponius.
1075 1510 1152 1560 At
1189 1511 1337 1562 resti·

271 1579 370 1644 tui,
396 1583 688 1646 Aponianus,
708 1585 954 1635 historia
940 1600 1054 1649 ipsa
1075 1592 1330 1650 cogente:

270 1672 387 1708 nam
423 1659 465 1708 is
504 1661 657 1724 paulo
695 1660 834 1711 infra
870 1662 1057 1726 iterum
1097 1664 1235 1713 inter
1260 1670 1336 1717 tu·

243 1737 460 1789 ·multus
498 1737 761 1789 sedatores
804 1741 1113 1790 nominatur.
1193 1740 1335 1804 Apo·

268 1816 385 1864 nius
423 1829 549 1864 vero
592 1816 731 1867 inter
773 1815 1060 1883 prae'cipuos
1107 1824 1241 1880 erat,
1282 1819 1335 1869 in

268 1905 399 1955 quos
424 1890 504 1940 ira
536 1890 757 1942 militurn
782 1893 1105 1946 incubuerat.
1140 1894 1335 1947 Piclten.

331 1966 378 2016 A
402 1968 627 2017 conviciis
646 1984 702 2018 ac
730 1970 940 2036 probris]
986 1970 1116 2036 NoS,
1154 1976 1202 2021 et
1224 1986 1336 2036 pro-

268 2046 387 2098 bris.
421 2046 662 2099 Rhenan.

337 2126 502 2178 Sensit
535 2126 790 2180 ludibrium
826 2128 983 2193 miles]
1038 2125 1105 2178 In
1124 2128 1230 2179 Ms.
1254 2143 1337 2180 co-

268 2203 387 2255 dice
411 2211 510 2269 est,
529 2203 703 2256 Sentit.
736 2204 968 2258 Rhenan.

334 2281 508 2346 Aliquo
524 2282 726 2333 militari
741 2286 903 2334 decore
921 2283 1179 2348 insignem]
1200 2282 1337 2347 Vox,

268 2360 453 2424 decore,
507 2372 538 2409 a
580 2361 717 2412 Flor.
760 2367 855 2413 est.
920 2362 1110 2428 Vulgo,
1146 2363 1334 2413 honore.

269 2432 524 2489 Picheua.

337 2513 436 2564 Sua
468 2515 656 2579 quisque
688 2515 740 2565 in
759 2516 965 2566 tentoria
995 2516 1337 2580 dilaberentur]

272 2589 361 2640 lta
410 2591 678 2655 scripsisse
716 2593 958 2643 Tacitum
1007 2594 1339 2659 crediderim,

269 2673 414 2718 teste
432 2668 570 2718 Flor.
606 2670 798 2733 Vulgo,
819 2671 1132 2738 dilaberetur..
1157 2672 1303 2723 Pich.

339 2746 480 2795 CA.1³
505 2750 585 2796 11.
634 2747 886 2811 Legatum,
923 2764 974 2796 eo
1011 2750 1217 2797 atrocius
1254 2765 1339 2812 ag-

261 2822 579 2886 grediuntur]
641 2824 834 2873 Melior
881 2824 1155 2875 verborum
1210 2827 1339 2877 ordo

267 2897 372 2948 sit.
408 2894 618 2965 legattcm
635 2900 1000 2966 aggrediuntur,
1034 2916 1086 2951 eo
1116 2904 1339 2968 atrocius,

261 2975 353 3038 &a
385 2973 594 3025 Acidal.

342 3051 531 3116 Quippe
552 3052 766 3104 Moesicoe
785 3053 1014 3118 legiones]
1067 3056 1339 3108 Vocabulo

265 3129 484 3192 legiones
516 3138 779 3196 expuncto
810 3132 1128 3198 scripsimus,
1153 3133 1340 3199 Quippe

268 3204 468 3255 Moesici
488 3207 701 3268 atijutam
720 3223 750 3258 a
770 3223 821 3256 se
852 3210 1071 3259 Pannon.
1094 3211 1339 3264 ultionem.

265 3281 412 3333 Nam
435 3283 685 3348 sequitur,
710 3286 990 3337 Pannonici.
1042 3278 1222 3336 Codex
1235 3289 1340 3337 Bu·

220 3400 228 3406 .
267 3357 447 3409 densis
481 3360 733 3423 continet,
774 3363 987 3425 Moesice,
1027 3363 1121 3413 sed
1162 3379 1344 3427 perpe·

241 3449 389 3485 ram
411 3450 531 3485 meo
550 3436 768 3501 judicio.
805 3440 1020 3491 Rhenan.
1089 3443 1169 3490 Ex
1205 3441 1342 3492 Flor.

265 3512 410 3577 haec,
451 3513 639 3577 Quippe
668 3516 874 3565 Moesicae
897 3518 1105 3579 legiones
1125 3518 1341 3579 adiutam

264 3598 303 3637 a
341 3603 396 3638 se
439 3589 819 3640 Pannonicorum
858 3592 1097 3642 ultionem.
1180 3592 1254 3641 At
1290 3592 1344 3641 in

266 3664 536 3729 vulgatis:
575 3665 760 3730 Quippe
785 3669 971 3718 Moesici
992 3669 1204 3730 adjutam
1236 3685 1268 3719 a
1295 3684 1345 3718 se

266 3736 652 3805 Pannoniorum,
670 3746 751 3807 isc.
787 3747 1035 3795 Pichena.

342 3819 542 3868 Primus
584 3826 632 3869 et
673 3822 965 3885 Aponianus,
994 3828 1060 3892 ,et
1101 3821 1347 3884 Messalla]

267 3891 474 3945 Addidi
495 3897 735 3960 copulam
760 3907 882 3948 ante
906 3913 1104 3964 vocem,
1134 3898 1346 3964 Aponia-

233 3982 240 3987 ·
263 3980 385 4034 uus,
407 3964 616 4021 auctore
643 3974 775 4023 Flor.
811 3975 1039 4024 Pichena.

239 4050 246 4059 ‘
339 4047 636 4098 Balnearum
645 4047 913 4108 fornicibus
931 4049 1145 4115 abditus]
1179 4051 1348 4115 Repo·

264 4123 491 4187 suimus,
513 4123 809 4184 fornacibus.
860 4129 1092 4179 Rhenau.
1175 4130 1349 4179 Mure·

267 4206 364 4252 tus
375 4201 663 4262 fornicibus.
697 4204 902 4253 Acidal.

346 4279 554 4331 Omissis
572 4273 836 4344 lictoribus]
890 4282 1020 4332 Erat
1042 4281 1125 4331 hic
1148 4283 1349 4346 legatus

239 4353 489 4413 ·ssoeaici
525 4358 811 4427 exercitus,
851 4365 910 4411 et
933 4365 1108 4411 tamen
1139 4359 1349 4415 lictores

1407 570 1652 624 habebat.
1688 573 1956 627 Fer-retius.

1478 650 1701 702 Obversis
1719 654 1924 704 militum
1944 656 2146 721 studiis]
2189 658 2328 710 Flor.
2351 663 2476 714 ncili-

1408 726 1567 778 tibus:
1598 729 1754 792 fo‘rte,
1775 731 2079 785 militaribus.
2125 735 2377 790 Pichena.

1476 808 1613 858 CAP.
1627 810 1709 859 12.
1727 809 2007 874 Vespasiano
2018 811 2319 881 tenebantur]
2335 817 2476 869 Mur.

1410 885 1832 949 praepositiouem
1876 887 2040 952 addit,
2081 906 2114 939 a
2158 872 2489 956 Vespasiano?

1413 976 1569 1026 quam
1603 963 1929 1051 subintelligi
1964 964 2175 1018 Tacitus
2201 970 2385 1033 voluit,
2414 979 2479 1022 ut

1411 1053 1564 1103 poene
1603 1040 1883 1091 innumeris
1921 1044 2032 1094 aliis
2064 1044 2219 1096 locis·
2207 1083 2220 1097 .
2256 1063 2478 1112 quorum

1411 1116 1590 1166 multis
1624 1117 1872 1183 deinceps
1897 1134 2012 1171 cnm
2042 1121 2178 1173 idem
2202 1122 2386 1176 similia
2402 1124 2480 1175 iu·

1414 1200 1633 1258 sereret,
1677 1196 1884 1247 silentio
1920 1199 2291 1251 transmittam.
2371 1203 2478 1254 Hic

1418 1272 1698 1337 Vespasiano
1737 1288 1917 1324 vocem
1959 1276 2119 1326 etiam
2147 1278 2331 1328 dandi-
2352 1292 2477 1331 casu

1413 1357 1539 1413 apte
1561 1351 1846 1413 acceperis,
1885 1358 1940 1401 et
1961 1353 2175 1404 verbum
2198 1357 2475 1409 tenebantur

1414 1427 1685 1492 eleganter
1704 1429 2102 1495 ,interpr-eteris,
2132 1430 2400 1486 obstrictae
2426 1446 2478 1484 e·

1412 1510 1560 1554 rant:
1579 1505 1834 1569 quomodo
1857 1507 2200 1570 pulcherrime
2226 1508 2478 1573 Apuleius

1411 1579 1579 1630 utitur
1601 1582 1820 1634 Metam.
1842 1584 1880 1633 l.
1903 1598 1990 1636 111.
2012 1587 2029 1615 ‘
2056 1586 2192 1636 Nam
2215 1602 2316 1650 me,
2357 1604 2476 1654 quai

1409 1659 1517 1709 sola
1536 1661 1826 1711 mortalium
1863 1664 2004 1728 novi,
2035 1664 2113 1714 vis
2137 1667 2343 1730 amoris,
2374 1682 2476 1733 quo

1411 1736 1510 1786 tibi
1544 1742 1746 1801 teneor,
1780 1738 2008 1790 indicare
2029 1737 2330 1807 compellit!
2360 1746 2477 1796 Aci-

1406 1815 1578 1868 dalius.

1446 1894 1754 1943 ·Cornelium
1782 1894 2005 1960 T'uscum]
2060 1899 2219 1962 Lege,
2256 1900 2477 1950 Fuscum.

1401 1967 1636 2034 Lipsius·

1483 2046 1634 2109 Prope
1655 2046 1887 2109 accurrit]
1938 2049 2135 2112 Castig.
2169 2045 2367 2113 propere
2402 2066 2481 2102 ac-

1409 2123 1580 2173 currit.
1612 2122 1928 2174 ‘Rhenauns.
1992 2124 2203 2175 Placuit
2243 2128 2477 2193 verbum,

1410 2201 1702 2265 adcucurrit,
1749 2215 1817 2251 ex
1854 2202 1992 2255 Flor.
2035 2202 2226 2269 Vulgo,
2259 2207 2480 2258 aecum-u.

1409 2278 1660 2330 Picheua.

1476 2356 1721 2406 Hadriam
1736 2356 2006 2420 pervectus]
2057 2357 2186 2421 Nos,
2215 2363 2480 2423 provectus.

1412 2434 1648 2485 Rhenan.
1717 2433 1822 2483 Hic
1845 2448 1911 2483 ex
1936 2435 2078 2484 Flor.
2118 2434 2345 2498 reposui,
2374 2449 2482 2498 per-

1411 2516 1604 2562 vectus.-
1636 2509 1686 2560 in
1705 2511 1949 2575 vulgatis,
1985 2511 2240 2574 profectus.
2274 2511 2304 2541 '¹’
2340 2513 2477 2563 Flor.

1413 2589 1571 2638 etiam
1594 2588 1772 2652 habet,
1794 2588 2005 2637 Atriam.
2051 2589 2297 2638 Pichena.
2365 2590 2481 2638 Mu-

1414 2671 1560 2714 retus
1582 2664 1811 2714 Acriam:
1845 2664 1983 2729 quod
2008 2664 2181 2713 miror.
2214 2664 2404 2714 Acidal.

1478 2742 1525 2791 A
1562 2740 1788 2803 prefecto
1815 2740 1904 2788 aloe
1928 2740 2124 2789 Mevmio
2162 2740 2360 2806 Rufino]
2394 2740 2480 2790 In-

1415 2818 1643 2885 terjecta
1680 2816 1850 2866 adhuc
1883 2831 1986 2866 vox
2023 2817 2075 2866 in
2098 2818 2224 2868 Vat.
2258 2831 2478 2881 nempe;

1414 2894 1504 2943 aloe
1544 2890 1857 2942 Juveniorum
1894 2892 2099 2958 Rufino:
2138 2909 2256 2959 quae
2296 2895 2486 2944 exami-

1414 2970 1586 3019 nanda
1618 2976 1728 3032 θεῖς
1760 2984 1881 3019 nam
1918 2971 2008 3019 ala.
2031 2969 2271 3035 profecto
2301 2969 2485 3034 pleris-

1414 3062 1516 3112 que
1539 3047 1667 3098 locis
1688 3047 1877 3109 Taciti,
1911 3047 2089 3097 addita
2111 3047 2271 3098 habet
2292 3062 2481 3098 nomeu

1413 3125 1544 3188 ejus,
1579 3140 1609 3173 a
1648 3139 1751 3190 quo
1796 3123 2034 3188 primitus
2076 3124 2321 3179 instituta
2358 3129 2476 3178 esti

1412 3201 1530 3252 heic
1566 3208 1742 3251 autem
1765 3207 1872 3250 tam
1910 3215 2095 3250 nomen
2134 3215 2248 3251 esse
2288 3206 2486 3265 potest,

1414 3293 1567 3343 quam
1590 3278 1925 3342 adjectivum,
1941 3294 1970 3328 a
1984 3279 2169 3329 Juvene
2186 3279 2484 3331 deductum.

1418 3356 1618 3404 Gruter.

1483 3432 1620 3481 CAP.
1676 3435 1756 3480 13.
1800 3426 2069 3481 ‘Primores
2123 3428 2484 3493 centurionum]

1418 3507 1572 3557 Hanc
1608 3506 1833 3556 Caecinae
1859 3506 2193 3559 rebellionem
2221 3507 2481 3572 Josepuus

1417 3583 1568 3634 nobis
1607 3583 1792 3633 eodem
1838 3584 1992 3634 modo
2037 3584 2288 3636 describit
2331 3585 2366 3634 l.
2404 3596 2482 3635 rv-

1419 3676 1466 3712 c.
1490 3666 1575 3712 41.
1612 3661 1856 3712 Saoillius.
2366 3676 2372 3683 ·

1486 3737 1682 3788 Secreta
1702 3737 1985 3801 castrorum]
2019 3738 2159 3788 Flor.
2181 3741 2483 3799 secretorum,

1419 3815 1612 3865 habet:
1649 3830 1714 3864 ex
1754 3831 1854 3881 quo
1874 3816 2027 3878 bene,
2049 3820 2290 3865 secretum.
2338 3812 2486 3875 Lips.

1431 3918 1436 3923 ·
1485 3892 1681 3942 Secreta
1700 3899 1957 3945 castrorum
1984 3890 2238 3955 affectans]
2269 3889 2386 3938 Vol.
2408 3901 2489 3937 re-

1364 3987 1368 3991 ·
1423 3971 1583 4036 gium,
1617 3971 1911 4021 Secretomm
1946 3973 2204 4016 castrorum
2241 3964 2486 4028 affectans·

1423 4049 1584 4112 Lego,
1634 4053 1861 4097 secretum
1929 4050 2185 4094 castrorum
2238 4043 2485 4104 affectans.

1423 4124 1657 4175 Rhenan.
1723 4124 1863 4173 Flor.
1894 4132 2155 4184 corrupte,
2188 4124 2487 4169 secretorum.

1423 4200 1565 4250 Puto
1590 4201 1884 4263 legendum,
1903 4203 2149 4260 secretum,
2175 4212 2264 4246 seu
2290 4194 2486 4261 potius,

1423 4278 1680 4329 secretiora
1698 4282 1975 4326 castrorum.
2011 4276 2256 4325 Picliena.

1496 4353 1831 4420 irasmi-ue
1871 4355 2067 4406 classem
2101 4353 2155 4404 in
2194 4354 2329 4404 arcto
2358 4364 2484 4406 cou-
