3009 4942
799 423 947 479 Lm.
992 396 1173 477 xm,
1210 426 1372 476 GAP.

276 562 587 635 impr-capeti
629 571 853 637 malique
897 573 1080 622 ominis
1130 573 1353 623 aestima-

259 654 482 698 -refiturs
511 649 647 699 Pliu.
674 660 881 701 πῖναι.
903 657 952 701 4.
974 653 992 680 ⁴
1012 653 1174 702 Simili
1204 652 1356 701 modo

281 728 340 773 et
371 723 748 776 {adnationes
794 731 1191 791 repercutimus'
1215 730 1357 777 sinis-

229 820 232 823 ·
276 807 377 851 trae
418 802 721 867 dextraeque
760 805 1056 855 clauditatis
1098 807 1356 856 occursu!

273 876 546 940 Agricola,
572 881 661 948 qui
700 881 832 945 legit
852 884 1066 932 tunicata
1087 899 1246 945 mma,
1264 898 1355 933 nu·

275 969 371 1018 gas
427 959 627 1008 vendit.
687 961 899 1010 Colerus.
978 963 1063 1012 De
1103 963 1210 1011 boc·
1237 963 1353 1011 loco

272 1033 488 1091 erudite
509 1035 730 1099 Lipsius,
749 1043 806 1086 et
830 1048 1007 1087 veram
1032 1039 1237 1088 omnino
1260 1052 1355 1103 pu-

274 1114 336 1159 to
379 1111 506 1174 ejus'
542 1112 838 1177 lectionem,
877 1130 995 1178 quoe
1041 1121 1093 1165 et
1133 1115 1349 1164 Mureto

273 1193 497 1250 notatam
532 1186 641 1238 inde
669 1188 841 1240 debilis
875 1191 1114 1241 Bur-rhus.
1217 1193 1354 1242 Nam

274 1277 465 1313 vocem
487 1280 652 1314 rursus
675 1269 813 1331 quod
846 1268 987 1319 idem
1009 1269 1214 1334 Lipsius
1244 1285 1353 1320 mu-

273 1344 396 1390 tare
441 1342 622 1405 voluit,
664 1343 837 1408 Rufina,
875 1345 973 1394 etsi
1019 1346 1357 1409 probabiliter

276 1417 495 1481 astruit,
517 1434 619 1468 non
644 1422 823 1484 placet
844 1427 1044 1472 tamen:
1079 1424 1201 1487 quia
1221 1423 1353 1473 levis

277 1494 500 1544 nimium
521 1497 720 1559 allusio,
740 1498 805 1547 ad
830 1497 1172 1563 significatum
1193 1500 1357 1549 nomi·

274 1571 363 1621 nis
390 1572 646 1635 Burrhus,
683 1581 739 1624 et
783 1575 1097 1631 inconcinna
1135 1576 1356 1626 duorum

276 1649 657 1712 adjectivorum
673 1652 896 1716 junctio.
963 1654 1102 1706 Quid
1136 1670 1260 1717 ergo
1293 1670 1354 1705 ea

275 1725 625 1776 faciendum?
660 1728 897 1780 delenda.
969 1731 1101 1779 Nam
1141 1738 1264 1782 nata
1286 1746 1353 1780 ex

277 1802 543 1866 geminata
590 1805 872 1867 scriptione
924 1806 1086 1871 ipsius
1135 1808 1354 1858 nominis

276 1879 520 1928 Rusticus.
586 1880 831 1931 Ceterum
855 1883 992 1947 qnod
1014 1883 1068 1932 in
1093 1881 1355 1948 Agricola

275 1955 561 2005 lectionem
598 1957 846 2023 deinceps
877 1960 1092 2010 inclinat
1118 1961 1356 2026 Lipsius,

278 2037 345 2080 ut
366 2047 466 2096 pro
486 2038 656 2082 trunca
686 2050 828 2085 manu
866 2037 1128 2088 scribatur
1144 2041 1358 2089 tunicata

277 2121 448 2172 mnu,
479 2111 605 2160 satis
645 2126 739 2174 ego
760 2114 934 2163 mirari
949 2130 1171 2180 nequeo.
1224 2120 1357 2168 Con·

282 2186 500 2236 hellitur
536 2188 632 2237 hoc
667 2197 884 2253 recepto
925 2193 1163 2256 superior
1184 2208 1356 2244 emen-

280 2262 430 2335 datio
470 2265 638 2314 debilis
679 2267 929 2318 Burrhus:
975 2285 1091 2334 quae
1134 2272 1357 2321 stabiliri

281 2355 350 2392 eo
373 2340 537 2391 debet
557 2344 782 2393 omuino.
850 2346 966 2396 Nec
984 2360 1108 2396 sane
1128 2349 1356 2398 moribus

275 2420 343 2468 ‘et
381 2418 511 2468 vitoe
553 2421 741 2470 Burrhi
784 2424 1050 2486 convenit,
1089 2426 1357 2476 mollitiam

282 2497 361 2547 illi
388 2503 446 2546 et
468 2496 673 2547 tunicas
694 2501 978 2551 manicatas
996 2502 1190 2566 objici:
1216 2504 1358 2568 quod

287 2577 454 2638 quare
495 2573 571 2623 ita
609 2575 787 2638 Lipsio
820 2576 1007 2639 visum,
1046 2579 1243 2643 pariter
1264 2580 1357 2628 mi-

286 2660 397 2699 ror.
464 2648 635 2714 Supra
672 2652 827 2716 longe
859 2653 1000 2703 aliud
1019 2656 1247 2719 ‘elogium
1270 2657 1357 2706 ho-

285 2726 414 2776 mini
448 2727 715 2777 tribuebat
745 2728 979 2793 Tacitus,
1017 2733 1168 2782 initio
1205 2735 1356 2798 liujus

241 2802 441 2854 *liin-i:
474 2803 494 2831 ‘
520 2804 741 2854 Diversa
772 2814 887 2857 arte
910 2822 977 2857 ex
1014 2823 1165 2875 aequo
1200 2812 1359 2874 polle·

288 2880 452 2931 bant:
481 2882 723 2932 ‘Burrhus
756 2883 1067 2935 militaribus
1106 2888 1263 2950 curis,
1301 2894 1357 2938 et

287 2958 579 3008 severitate
600 2973 832 3021 ωσι-πως
860 2963 1058 3012 Seneca
1078 2966 1358 3029 praeceptis

289 3035 627 3100 eloquentiae,
647 3042 703 3085 et
723 3032 974 3088 comitate
993 3039 1247 3090 honesta!
1285 3042 1358 3091 Et

289 3110 425 3162 insta
470 3113 539 3162 de
582 3112 767 3163 eodem
819 3116 1026 3180 saepius.
1091 3118 1358 3167 Acidaliae.

291 3191 434 3245 Puto
489 3192 798 3257 legendum:
853 3196 965 3246 inde
1005 3195 1117 3246 vilis
1157 3197 1364 3256 Rutilum

294 3268 553 3319 Burrieno.-
598 3270 736 3336 quod
761 3279 900 3322 esset
920 3273 1239 3324 tribunorum
1272 3274 1363 3324 mi-

292 3346 527 3397 litarium
582 3361 769 3397 nomen
832 3349 955 3400 vile.
1037 3350 1212 3401 Livius
1277 3364 1358 3401 rx.

296 3424 438 3474 Nam
458 3422 514 3472 hi
535 3437 642 3474 non
678 3440 711 3474 a
741 3427 957 3489 populo,
991 3426 1084 3477 sed
1108 3427 1175 3477 ab
1199 3429 1363 3494 impe·

294 3507 476 3552 tutore
497 3499 720 3562 fiebaut3
766 3516 862 3553 nec
884 3501 1146 3567 suffragio,
1167 3504 1257 3553 sed
1282 3519 1361 3555 ar·

293 3577 494 3629 bitrio:
527 3585 583 3628 et
606 3579 728 3644 quia
748 3579 976 3630 Rutilius
1006 3579 1172 3630 Rufus
1195 3580 1259 3630 de
1282 3581 1359 3630 bis

278 3655 468 3719 -legem
491 3656 720 3715 tulerat3
765 3656 887 3705 ideo
918 3654 1091 3716 Remi
1108 3657 1360 3721 appellati

298 3740 439 3785 sunt.
521 3734 593 3782 Et
624 3731 773 3783 fuere
816 3733 1039 3798 primum
1084 3734 1249 3783 creati
1291 3734 1360 3786 Q.

297 3809 519 3861 Servilio
560 3810 621 3860 L.
654 3809 890 3861 Genucio
928 3811 1210 3860 secundum
1243 3826 1362 3861 con-

296 3886 512 3938 sulibus.
544 3887 721 3938 Vocat
736 3895 910 3938 autem
938 3889 1186 3938 Burri-um
1213 3888 1363 3948 Rufu-

297 3965 394 4013 lum
414 3976 514 4028 per
535 3950 861 4028 despe'ctnm.
894 3963 1134 4014 Aurelius.
1199 3963 1363 4026 Lipsii

300 4041 993 4103 emendationem,Picbenae
1030 4046 1085 4091 et
1116 4040 1364 4105 quodam-

300 4117 456 4169 modo
492 4118 791 4167 Florentino
811 4117 927 4181 ejus
948 4118 1051 4169 Ms.
1072 4117 1364 4183 probatam,

285 4190 490 4250 {merito
530 4195 849 4260 proetulimus
868 4196 1096 4261 vulgatae
1130 4194 1364 4258 lectioni,

301 4271 412 4323 iude
429 4272 557 4323 oilie
587 4286 752 4323 rursus
788 4273 1029 4325 Bur-rhus.
1094 4272 1364 4323 Freinshe-

302 4346 453 4403 num.
477 4364 484 4373 ·
516 4348 630 4401 Pro
645 4361 819 4403 mm
833 4347 1022 4418 upsio
1049 4350 1229 4418 placet
1259 4347 1365 4413 ruf-

1418 574 1524 633 fus,
1559 587 1657 622 nou
1683 574 1834 635 male,
1878 574 2047 623 sinon
2068 579 2179 623 tam
2209 573 2274 625 ad
2312 564 2499 627 nomeu

1431 652 1678 701 alluditur
1712 652 1921 712 Burrhi,
1959 668 2109 715 quam
2154 654 2327 703 vultus
2355 660 2501 703 notua

1432 734 1534 778 tur.
1600 728 1704 777 Sed
1745 729 1918 778 turbat
1953 729 2120 779 adime
2160 745 2259 778 vox
2300 742 2500 793 praece·

1428 804 1576 865 dens,
1595 819 1689 867 pro
1708 821 1810 869 qua
1848 806 1899 853 in
1923 807 2182 854 Vaticano
2215 794 2394 856 codice
2434 806 2505 856 ὁὲ-
2532 842 2539 849 .

1430 881 1512 930 bil.
1580 883 1690 943 Ego
1737 884 1900 945 legam
1944 883 2027 931 bita·
2063 883 2235 943 νείκας
2282 885 2362 932 Ex
2407 883 2501 934 tali

1429 957 1566 1006 enim
1590 959 1820 1021 corporis
1843 959 2178 1008 concretione
2202 959 2321 1009 talis
2341 960 2502 1011 color.

1429 1035 1615 1098 Neque
1638 1042 1788 1084 extra
1814 1050 1920 1084 rem
1956 1036 2011 1085 id
2049 1036 2234 1099 objicit
2258 1035 2502 1100 Agrippi-

1429 1125 1511 1175 na,
1546 1126 1662 1161 cum
1688 1113 1753 1162 ad
1789 1114 2019 1176 regimen
2050 1113 2312 1176 publicum
2335 1112 2502 1162 minus

1430 1199 1554 1256 apta
1588 1192 1693 1241 sint
1719 1192 1832 1256 ejus
1852 1190 2094 1241 mixtum
2118 1190 2338 1254 ingenia.
2377 1189 2503 1240 Gno-

1426 1268 1540 1318 tius.

1499 1345 1689 1394 Τηικσα
1760 1345 1941 1394 seilicet
1993 1342 2160 1405 manu]
2257 1342 2506 1393 Nonnulli

1414 408 1525 477 14.
1573 420 2011 480 AitNALmM.

1432 1421 1635 1470 Burrbo
1655 1435 1719 1471 ea
1740 1421 1899 1471 verba
1939 1420 2228 1484 applicant,
2261 1419 2504 1468 dicentes

1430 1514 1548 1549 eum
1584 1514 1791 1549 manum
1818 1506 2055 1548 truncam
2099 1496 2354 1557 habuisse,
2377 1506 2504 1560 quo-

1428 1590 1545 1626 rum
1601 1583 1877 1641 utrumque
1945 1574 2137 1623 falsum
2200 1584 2510 1637 censemus;

1428 1668 1548 1703 nam
1585 1653 1721 1703 baud
1747 1652 2027 1702 verisimile
2065 1657 2164 1713 est,
2188 1650 2352 1698 virum
2378 1649 2508 1698 mili-

1429 1730 1629 1780 taribus
1665 1730 1864 1780 artibus
1908 1730 2122 1790 clarum,
2167 1727 2261 1776 sub
2284 1724 2506 1775 Claudio

1430 1813 1484 1855 et
1562 1807 1777 1856 Nerone
1839 1805 2176 1855 Praetorianis
2252 1802 2503 1852 militibus

1429 1881 1749 1932 Praefectum
1772 1881 1947 1946 fuisse,
1977 1882 2021 1931 si
2056 1896 2261 1931 manum
2292 1880 2504 1929 obtrun-

1429 1966 1604 2009 catam
1663 1961 1947 2020 habuisset,
1992 1974 2088 2008 nec
2130 1959 2287 2020 Dion,
2324 1959 2506 2007 Sueto·

1428 2036 1636 2098 uius,et
1656 2037 1866 2086 Tacitus
1898 2038 2032 2099 ipse,
2055 2035 2145 2098 qui
2185 2047 2325 2096 saepe
2363 2033 2503 2082 illius

1427 2114 1730 2174 meminere,
1755 2113 1805 2162 id
1833 2113 2183 2163 reticuissent.
2230 2111 2505 2160 Praeterea

1431 2203 1498 2238 ex
1543 2189 1821 2239 verborum
1862 2190 2012 2241 serie,
2045 2194 2218 2253 patet,
2264 2201 2326 2236 ea
2345 2187 2504 2237 verba

1428 2266 1667 2329 Senecae,
1704 2267 1788 2317 cni
1820 2266 2139 2330 proximiora
2161 2272 2282 2314 sunt
2304 2269 2361 2313 et
2383 2277 2506 2314 con-

1420 2342 1628 2407 juncta,
1684 2341 2054 2392 attribuenda:
2123 2355 2276 2406 quem
2343 2354 2500 2403 quum

1430 2435 1684 2484 nusquam
1700 2421 1928 2483 legamus
1945 2432 2099 2468 manu
2117 2418 2504 2481 detruncatum,

1430 2497 1593 2548 verba
1610 2498 1723 2546 baec
1743 2510 1847 2545 non
1863 2495 1930 2544 ad
1950 2496 2155 2544 literam
2174 2490 2504 2555 exponenda,

1430 2574 1523 2623 sed
1547 2573 1859 2623 abditiorem
1897 2585 2107 2621 sensum
2125 2569 2319 2618 habere
2341 2568 2504 2632 conji-

1431 2650 1691 2712 ciendum,
1732 2649 1808 2699 ita
1848 2656 1908 2700 ut
1946 2647 2240 2712 Agrippina
2278 2646 2505 2710 Baubo,

1438 2727 1551 2776 vire
1574 2727 1788 2776 militari
1827 2727 1882 2775 in
1923 2726 2110 2776 castris
2141 2725 2277 2789 apud
2314 2723 2504 2776 milite·

1432 2803 1597 2853 verba
1619 2801 1842 2867 facturo,
1883 2802 2134 2852 natalium
2155 2801 2501 2853 humilitatem

1434 2879 1500 2931 ad
1537 2876 1915 2943 infringendam
1955 2879 2091 2929 illius
2133 2879 2500 2930 auctoritatem

1434 2964 1574 3007 esset
1617 2956 1907 3021 objectura,
1941 2957 2126 3006 mulier
2164 2971 2231 3006 ex
2281 2956 2504 3006 adverso

1435 3033 1769 3096 nobilissima,
1802 3040 1857 3083 et
1879 3032 1984 3083 filia
2007 3032 2308 3085 Germanici
2342 3032 2506 3097 impe-

1436 3110 1626 3160 ratoris
1648 3111 1963 3161 exercitibus
1982 3110 2233 3160 carissimi
2254 3115 2311 3160 et
2333 3122 2506 3167 aman·

1436 3186 1652 3237 tissimi:
1687 3188 1899 3238 Seneca
1915 3202 2040 3238 vero
2071 3187 2330 3250 ignaviam
2354 3192 2411 3237 et
2431 3186 2502 3237 ad

1434 3262 1681 3313 militaria
1734 3264 1911 3315 munia
1965 3269 2164 3314 tantam
2233 3264 2506 3329 ineptiam,

1437 3342 1586 3407 quasi
1612 3357 1819 3392 manum
1846 3357 1949 3393 nou
1984 3343 2223 3405 haberet,
2247 3348 2302 3392 et
2323 3342 2504 3406 quale·

1435 3428 1577 3483 sunt,
1621 3420 1710 3486 qui
1752 3420 1981 3473 mutilati
2019 3419 2255 3470 manibus
2301 3416 2505 3469 carcub

1442 3498 1679 3549 Mem
1700 3499 1838 3557 enim
1862 3511 2065 3562 semper
2083 3497 2134 3546 in
2157 3497 2339 3546 malam
2380 3510 2500 3560 par·

1438 3582 1544 3627 tem
1565 3575 1752 3640 accipi,
1767 3576 2096 3626 observamus
2114 3573 2252 3639 apud
2270 3574 2502 3625 Latine&

1436 3653 1524 3703 Sic
1559 3653 1723 3702 homo*
1749 3653 1941 3702 dicitur
1960 3657 2172 3714 πωπω,
2194 3651 2329 3716 quod
2351 3650 2503 3716 quasi

1436 3730 1598 3794 stipes
1642 3729 1879 3794 stupidus
1918 3729 2005 3779 sit.
2071 3729 2183 3779 Cic.
2227 3728 2281 3777 in
2321 3727 2501 3778 Pisou-

1439 3808 1454 3836 ‘
1478 3806 1584 3856 Sed
1608 3806 1697 3871 qui
1719 3811 1963 3870 tanquam
1985 3813 2197 3855 truncus
2230 3812 2388 3870 atque
2408 3803 2503 3854 sti·

1440 3899 1532 3948 pes
1551 3884 1595 3933 si
1612 3884 1847 3934 stetisset
1871 3883 2042 3945 modo,
2053 3881 2305 3945 potuisset
2327 3886 2502 3931 tamen

1436 3961 1690 4011 sustinere
1711 3961 1916 4010 titulum
1938 3957 2283 4010 Consulatus.'
2335 3958 2515 4007 Vocat·

1439 4044 1612 4087 autem
1649 4036 1871 4087 eundem
1913 4038 2165 4086 Senecam
2209 4033 2504 4099 Agrippina

1438 4117 1640 4176 exulan,
1676 4114 1823 4179 qnasi
1849 4111 2200 4162 facinorosum
2237 4115 2502 4174 argueret,

1438 4207 1506 4241 ex
1543 4206 1644 4256 quo
1683 4191 1805 4240 exul
1842 4188 2010 4240 factus
2046 4193 2204 4251 esset,
2226 4186 2515 4252 ingratum..

1439 4269 1574 4320 dinis
1626 4275 1803 4319 notam
1856 4266 2039 4317 eadem
2090 4278 2222 4315 voce
2273 4264 2511 4327 inurens,

1439 4345 1581 4415 qnod
1614 4345 1828 4412 abipsa
1857 4343 2023 4399 redux
2044 4340 2290 4397 abexilio
2311 4339 2515 4406 faunu,
